@book{vanHove1986,
  author    = {M. A. Van Hove and S. Y. Tong},
  title     = {Surface Crystallography by LEED: Theory, Computation and Structural Results},
  publisher = {Springer},
  year      = {1986}
}

@book{Henzler1994,
  author    = {M. Henzler and W. Göpel},
  title     = {Oberflächenphysik des Festkörpers},
  publisher = {Teubner},
  year      = {1994}
}

@article{Pendry1974,
  author  = {J. B. Pendry},
  title   = {Low Energy Electron Diffraction: The Theory and Its Application to Determination of Surface Structure},
  journal = {Surface Science},
  year    = {1974},
  volume  = {48},
  pages   = {1--21}
}

@book{Oura2013,
  author    = {K. Oura and V. G. Lifshits and A. A. Saranin and A. V. Zotov and M. Katayama},
  title     = {Surface Science: An Introduction},
  publisher = {Springer},
  year      = {2013}
}

@article{Davisson1927,
  author  = {C. J. Davisson and L. H. Germer},
  title   = {The Scattering of Electrons by a Single Crystal of Nickel},
  journal = {Nature},
  year    = {1927},
  volume  = {119},
  pages   = {558--560}
}
