@Article{Mizuguchi2002,
  author      = {J. Mizuguchi and T. Sasaki and K. Tojo},
  journal     = {Zeitschrift für Kristallographie - New Crystal Structures},
  title       = {Refinement of the crystal structure of 5,7,12,14-tetrahydro[2,3-b]-quinolinoacridine (y-form), C20H12N2O2, at 223 Κ},
  year        = {2002},
  number      = {1},
  pages       = {249--250},
  volume      = {217},
  doi         = {doi:10.1524/ncrs.2002.217.1.249},
  groups      = {Quinacridone},
  lastchecked = {2025-05-19},
  url         = {https://doi.org/10.1524/ncrs.2002.217.1.249},
}

@Article{Chung1971,
  author   = {Chung, F. H. and Scott, R. W.},
  journal  = {Journal of Applied Crystallography},
  title    = {{Vacuum sublimation and crystallography of quinacridones}},
  year     = {1971},
  month    = {Dec},
  number   = {6},
  pages    = {506--511},
  volume   = {4},
  abstract = {Quinacridones are pigments of outstanding light, heat and chemical fastness. Single crystals of linear unsubstituted quinacridone and 4,11-dichloroquinacridone were grown by the vacuum sublimation method at about 425{$^\circ$}C and 390{$^\circ$}C respectively under a vacuum of 0.3torr. The sublimation products are always {$\gamma$}-form quinacridone and {$\beta$}-form 4,11-dichloroquinacridone no matter what respective polymorphic forms are used as the starting material. Exothermic effects at transition temperatures were observed for both materials on heating by TGA and DSC techniques. The space groups and unit-cell dimensions were determined by the precession method. The powder patterns are indexed by single-crystal data. The size, shape, and orientation of the molecules as well as the general structure features are discussed.},
  doi      = {10.1107/S0021889871007544},
  groups   = {Quinacridone},
  url      = {https://doi.org/10.1107/S0021889871007544},
}

@Article{Labana1967,
  author  = {Labana, S. S. and Labana, L. L.},
  journal = {Chemical Reviews},
  title   = {Quinacridones},
  year    = {1967},
  number  = {1},
  pages   = {1-18},
  volume  = {67},
  doi     = {10.1021/cr60245a001},
  eprint  = {https://doi.org/10.1021/cr60245a001},
  groups  = {Quinacridone},
  url     = {https://doi.org/10.1021/cr60245a001},
}

@Article{Briggs1990,
  author    = {Briggs, David},
  journal   = {Auger and X-Ray Photoelecton Spectroscory},
  title     = {Practical surface analysis},
  year      = {1990},
  pages     = {151--152},
  volume    = {1},
  groups    = {XPS},
  publisher = {J. Wiley},
}

@Book{Woodruff2016,
  author    = {Woodruff, D Phil},
  publisher = {Cambridge university press},
  title     = {Modern techniques of surface science},
  year      = {2016},
  groups    = {XPS},
}

@Article{Einstein1905,
  author    = {Einstein, Albert},
  title     = {Über einen die Erzeugung und Verwandlung des Lichtes betreffenden heuristischen Gesichtspunkt},
  year      = {1905},
  groups    = {XPS},
  publisher = {Albert Einstein-Gesellschaft},
}

@Article{Hertz1887,
  author    = {Hertz, Heinrich},
  journal   = {Annalen der Physik},
  title     = {Über einen Einfluss des ultravioletten Lichtes auf die electrische Entladung},
  year      = {1887},
  number    = {8},
  pages     = {983--1000},
  volume    = {267},
  groups    = {XPS},
  publisher = {WILEY-VCH Verlag Leipzig},
}

@PhdThesis{Humberg2024,
  author = {Hans Niklas Humberg},
  school = {Universität Bonn},
  title  = {One-dimensional aggregates of the organic dye quinacridone on metallic and dielectric surfaces},
  year   = {2024},
  groups = {Quinacridone},
}

@Article{Koopmans1934,
  author  = {T Koopmans},
  journal = {Physica},
  title   = {Über die Zuordnung von Wellenfunktionen und Eigenwerten zu den Einzelnen Elektronen Eines Atoms},
  year    = {1934},
  issn    = {0031-8914},
  number  = {1},
  pages   = {104-113},
  volume  = {1},
  doi     = {https://doi.org/10.1016/S0031-8914(34)90011-2},
  groups  = {XPS},
  url     = {https://www.sciencedirect.com/science/article/pii/S0031891434900112},
}

@Book{Kolasinski2012,
  author    = {K. Kolasinski},
  publisher = {John Wiley and Sons, Ltd},
  title     = {Surface Science: Foundations of Catalysis and Nanoscience},
  year      = {2012},
  groups    = {XPS},
}

@Book{Mueller2006,
  author    = {U. Müller},
  publisher = {Vieweg+Teubner Verlag},
  title     = {Anorganische Strukturchemie},
  year      = {2006},
  edition   = {5},
  groups    = {Material},
}

@Online{IUVS2023,
  author = {{The International Union for Vacuum Science, Technique, and Applications}},
  editor = {{The International Union for Vacuum Science, Technique, and Applications}},
  groups = {Introduction},
  month  = sep,
  title  = {Surface Science},
  year   = {2023},
}

@Article{Chamberlain1983,
  author  = {G.A.Chamberlain},
  journal = {Sol. Cells},
  title   = {Organic solar cells: A review},
  year    = {1983},
  number  = {1},
  pages   = {47-83},
  volume  = {8},
  groups  = {Introduction},
}

@Article{Abdulrazzaq2013,
  author  = {V. Abdulrazzaq Omar A. and S. Saini and S. Bourdo and E. Dervishi and A. S. Biris},
  journal = {Part. Sci. Technol.},
  title   = {Organic Solar Cells: A Review of Materials, Limitations an Possibilities for Improvement},
  year    = {2013},
  number  = {5},
  pages   = {427-442},
  volume  = {31},
  groups  = {Introduction},
}

@Article{Green2010,
  author  = {Green, M. A. and Emery, K. and Hishikawa, Y. and Warta, W.},
  journal = {Progress in Photovoltaics: Research and Applications},
  title   = {Research: Short Communication: Accelerated Publication},
  year    = {2010},
  number  = {1},
  pages   = {84 - 92},
  volume  = {19},
  groups  = {Introduction},
}

@Online{URI2023,
  author = {{UK Research and Innovation}},
  editor = {{UK Research and Innovation}},
  groups = {Introduction},
  month  = sep,
  title  = {Surface Science},
  url    = {https://www.ukri.org/what-we-do/our-main-funds-and-areas-of-support/browse-our-areas-of-investment-and-support/surface-science/},
  year   = {2023},
}

@Book{Weast1974,
  author    = {R. C. Weast},
  publisher = {CRC Press},
  title     = {CRC handbook of chemistry and physics},
  year      = {1974},
  edition   = {55},
  groups    = {Introduction},
}

@Book{Attard2011,
  author    = {Gary Attard and Colin Barnes},
  publisher = {Oxford University Press},
  title     = {Surfaces},
  year      = {2011},
  isbn      = {978-0-19-855686-2},
  groups    = {XPS},
}

@Book{Moulder1993,
  author    = {John F. Moulder and William F. Stickle and Peter E. Sobol and Kenneth D. Bomben},
  editor    = {Jill Chastain},
  publisher = {Perkin-Elmer Corporation},
  title     = {Handbook of X-ray Photoelectron Spectroscopy},
  year      = {1993},
  groups    = {XPS},
}

@Article{Fairley2021,
  author   = {Neal Fairley and Vincent Fernandez and Mireille Richard‐Plouet and Catherine Guillot-Deudon and John Walton and Emily Smith and Delphine Flahaut and Mark Greiner and Mark Biesinger and Sven Tougaard and David Morgan and Jonas Baltrusaitis},
  journal  = {Applied Surface Science Advances},
  title    = {Systematic and collaborative approach to problem solving using X-ray photoelectron spectroscopy},
  year     = {2021},
  issn     = {2666-5239},
  pages    = {100112},
  volume   = {5},
  abstract = {The methodology presented within this work is a result of years of interactions between many junior and senior X-ray Photoelectron Spectroscopy (XPS) users operating within the CasaXPS spectral processing and interpretation program framework. In particular, discussions arising from a series of workshops have been a significant source for developing the overall XPS data processing concept and are the motivation for creating this work. These workshops organized by the Institut des Matériaux Jean Rouxel (IMN), Nantes gather both experienced and novice users of XPS for a week of discourse in conceptual experiment design and the resulting data processing. However, the framework constructed and utilized within these workshops encouraged the dissemination of knowledge beyond XPS data analysis and emphasized the importance of a multi-disciplinary collaborative approach to surface analysis problem-solving. The material presented here embodies data treatment originating from data made available to the first CNRS Thematic Workshop presented at Roscoff 2013. The methodology described here has evolved over the subsequent workshops in 2016 and 2019 and currently represents the philosophy used in CasaXPS spectral data processing paradigm.},
  doi      = {https://doi.org/10.1016/j.apsadv.2021.100112},
  groups   = {XPS},
  keywords = {XPS, Molybdenum trisulfate, Peak fit, Data processing, CasaXPS},
  url      = {https://www.sciencedirect.com/science/article/pii/S2666523921000581},
}

@Article{Paulus2007,
  author   = {Erich F. Paulus and Frank J. J. Leusen and Martin U. Schmidt},
  journal  = {Royal Society of Chemisty},
  title    = {Crystal structures of quinacridones},
  year     = {2007},
  pages    = {131-143},
  volume   = {9},
  abstract = {The crystal structure of the αI-phase of quinacridone was determined from non-indexed X-ray powder data by means of crystal structure prediction and subsequent Rietveld refinement. This αI-phase is another polymorph than the α-phase reported by Lincke [G. Lincke and H.-U. Finzel, Cryst. Res. Technol. 1996, 31, 441–452.]. The crystal structures of the β and γ polymorphs were determined from single crystal data. The knowledge of the crystal structures can be used for crystal engineering, i.e., for targeted syntheses of pigments having desired properties, especially for the syntheses of new red pigments.},
  doi      = {https://doi.org/10.1039/B613059C},
  groups   = {Quinacridone},
}

@Online{PubChem2025,
  author = {National Center for Biotechnology Information},
  groups = {Quinacridone},
  month  = jun,
  title  = {PubChem Compound Summary for CID 13976, Cinquasia Red},
  url    = {https://pubchem.ncbi.nlm.nih.gov/compound/Cinquasia-Red},
  year   = {2025},
}

@Online{ChemBook2025,
  author = {ChemicalBook},
  groups = {Quinacridone},
  month  = jun,
  title  = {Quinacridone},
  url    = {https://www.chemicalbook.com/ChemicalProductProperty_EN_CB2756231.htm},
  year   = {2025},
}

@Online{ChemSpider2025,
  author = {ChemSpider},
  groups = {Quinacridone},
  month  = jun,
  title  = {Quinacridone},
  url    = {https://www.chemspider.com/Chemical-Structure.13369.html},
  year   = {2025},
}

@Electronic{Diamond2025,
  month  = jun,
  title  = {Diamond Light Source: I09},
  url    = {https://www.diamond.ac.uk/Instruments/Structures-and-Surfaces/I09.html},
  year   = {2025},
  groups = {Material},
}

@PhdThesis{Kny2025,
  author = {Anna Juliana Kny},
  school = {Universität Bonn},
  title  = {Adsorption and Ordering of Merocyanines on the Ag(100) surface},
  year   = {2025},
}

@Manual{CASA2022,
  title  = {CasaXPS: Processing Software for XPS, AES, SIMS and More},
  author = {{Casa Software Ltd}},
  year   = {2022},
  groups = {XPS},
}

@Article{Kang1990,
  author    = {E.T. Kang and K.G. Neoh and K.L. Tan and},
  journal   = {Molecular Physics},
  title     = {XPS studies of charge-transfer interactions in some pyridine: organic-acceptor complexes},
  year      = {1990},
  number    = {6},
  pages     = {1057--1064},
  volume    = {70},
  abstract  = {Complexes resulting from charge-transfer (CT) interactions between pyridine and some organic electron acceptors, such as tetrachloro-o-benzoquinone (o-chloranil), tetrabromo-o-benzoquinone (o-bromanil), tetrafluoro-p-benzoquinone (p-fluoranil), tetracyanoethylene (TCNE) and 2,3-dichloro-5,6-dicyano-p-benzoquinone (DDQ), are characterized by X-ray photoelectron spectroscopy (XPS). A 1:1 complex is obtained for the pyridine: o-chloranil and pyridine: TCNE complexes, while a 2:1 stoichiometry is observed for the remaining pyridine: acceptor complexes. Except in the case of the pyridine: TCNE complex, all CT interactions proceed further than the pure formation of molecular complexes and result in the formation of new adducts. The mechanisms of interaction between the pyridinium nitrogens and the various functional groups of the acceptors are revealed by XPS. Chemical structures are also proposed for the resulting complexes.},
  doi       = {10.1080/00268979000101521},
  eprint    = {https://doi.org/10.1080/00268979000101521},
  groups    = {XPS},
  publisher = {Taylor \& Francis},
  url       = {https://doi.org/10.1080/00268979000101521},
}

@Article{Bagus2025,
  author   = {Bagus, Paul S. and Nelin, Connie J. and Sassi, Michel and Baranowski, Daniel and Sharp, Marcus A. and Autrey, Tom and Dohnálek, Zdenek and Novotny, Zbynek},
  journal  = {The Journal of Chemical Physics},
  title    = {The XPS of pyridine: A combined theoretical and experimental analysis},
  year     = {2025},
  issn     = {0021-9606},
  month    = {02},
  number   = {8},
  pages    = {084111},
  volume   = {162},
  abstract = {A detailed analysis of the N(1s) and C(1s) X-Ray Photoelectron Spectroscopy (XPS) is made, where the measured XPS is compared with theoretical Sudden Approximation (SA) intensities and theoretical XPS Binding Energies (BEs). There is remarkably good agreement between the theoretical predictions and the measured XPS; in particular, the different full width at half maximum values for the C(1s) and N(1s) BEs are explained in terms of unresolved C(1s) BEs for the different C atoms in pyridine. This work demonstrates that the combination of theory and XPS measurements can extract analysis of the XPS relevant to the molecular electronic structure. The theory used is based on fully relativistic self-consistent field solutions of the Dirac–Coulomb Hamiltonian, and the SA is used to determine relative XPS intensities.},
  doi      = {10.1063/5.0249190},
  eprint   = {https://pubs.aip.org/aip/jcp/article-pdf/doi/10.1063/5.0249190/20412245/084111\_1\_5.0249190.pdf},
  groups   = {XPS},
  url      = {https://doi.org/10.1063/5.0249190},
}

@Article{Mendolicchio2019,
  author   = {Mendolicchio, Marco and Baiardi, Alberto and Fronzoni, Giovanna and Stener, Mauro and Grazioli, Cesare and de Simone, Monica and Barone, Vincenzo},
  journal  = {The Journal of Chemical Physics},
  title    = {Theory meets experiment for unravelling the C1s X-ray photoelectron spectra of pyridine, 2-fluoropyridine, and 2,6-difluoropyridine},
  year     = {2019},
  issn     = {0021-9606},
  month    = {09},
  number   = {12},
  pages    = {124105},
  volume   = {151},
  abstract = {High resolution X-ray photoelectron spectra of a series of substituted pyridines (pyridine, 2-fluoropyridine, and 2,6-difluoropyridine) have been recorded and rationalized by means of a quantum mechanical approach based on the density functional theory including vibronic effects at the Franck-Condon level. The significant chemical shifts of the C1s binding energies induced by fluorine atoms are reproduced quantitatively by our computational model, as well as the vibrational fine structure and the band shapes. Nonsymmetric normal modes play an important role due to the core-hole localization in the presence of equivalent carbon atoms in pyridine and 2,6-difluoropyridine.},
  doi      = {10.1063/1.5122310},
  eprint   = {https://pubs.aip.org/aip/jcp/article-pdf/doi/10.1063/1.5122310/15563166/124105\_1\_online.pdf},
  groups   = {XPS},
  url      = {https://doi.org/10.1063/1.5122310},
}

@PhdThesis{Bauer2014,
  author = {Oliver Bauer},
  school = {Universität Bonn},
  title  = {Surface bonding of a functionalized aromatic molecule: Adsorption configurations of PTCDA on coinage metal surfaces},
  year   = {2014},
  groups = {Quinacridone, XPS},
}

@Article{Ruano2021,
  author   = {G. Ruano and M.L. Pedano and M. Albornoz and J.D. Fuhr and M.L. Martiarena and G. Zampieri},
  journal  = {Applied Surface Science},
  title    = {Deprotonation of the amine group of Glyphosate studied by XPS and DFT},
  year     = {2021},
  issn     = {0169-4332},
  pages    = {150753},
  volume   = {567},
  abstract = {Glyphosate (N-(phosphonomethyl)glycine, C3H8NO5P) in aqueous solutions undergoes three deprotonation reactions generally assigned to the carboxylate oxygen (pKa1 ~ 2.2), the phosphonate oxygen (pKa2 ~ 5.5), and the amine group (pKa3 ~ 10.2). A couple of recent studies (J. Phys. Chem. A 2015, 119, 5241–5249 and J. Phys. Chem. B 2016, 120, 2132–2137), however, have put forward a new sequence in which the amine group deprotonates before the phosphonate oxygen. In this study we present experimental and theoretical data with the aim of resolving the controversy over the order of the last two deprotonations. On the experimental side, we analysed the evolution of the N1s photoemission spectrum with the pH of the aqueous solution, finding conclusive evidence that the last deprotonation occurs at the amine group. On the theoretical side, we compared the stabilities of several configurations for each glyphosate moiety, finding again that the last group that undergoes deprotonation is the amine group.},
  doi      = {https://doi.org/10.1016/j.apsusc.2021.150753},
  groups   = {XPS},
  keywords = {Glyphosate, Photoemission, DFT calculations, Deprotonation sequence},
  url      = {https://www.sciencedirect.com/science/article/pii/S0169433221018195},
}









@Article{Wagner2014,
  author  = {Wagner, Thorsten and Györök, Michael and Huber, Daniel and Zeppenfeld, Peter and Głowacki, Eric Daniel},
  journal = {The Journal of Physical Chemistry C},
  title   = {Quinacridone on Ag(111): Hydrogen Bonding versus Chirality},
  year    = {2014},
  note    = {PMID: 24883168},
  number  = {20},
  pages   = {10911-10920},
  volume  = {118},
  doi     = {10.1021/jp502148x},
  eprint  = {https://doi.org/10.1021/jp502148x},
  groups  = {Quinacridone},
  url     = {https://doi.org/10.1021/jp502148x},
}

@Thesis{Eberle2019,
  abstract  = {Die kohlenstoffbasierte (Nano-) Elektronik nutzt die herausragenden Eigenschaften des Graphens aus und pr{\"a}sentiert sich deshalb als ein sehr vielversprechenden Ansatz, um die Grenzen der siliziumbasierten Elektronik zu {\"u}berwinden und um innovative und zukunftstr{\"a}chtige elektronische Ger{\"a}te zu entwickeln. Vor diesem Hintergrund stellt die supramolekulare Selbstassemblierung ein etabliertes Verfahren zur Bottom-up Herstellung von niedrigdimensionalen Nanostrukturen und Adsorbaten aus molekularen Einheiten dar, da diese mithilfe programmierbarer nichtkovalenter Wechselwirkungen leicht gesteuert werden kann. Bei n{\"a}herer Betrachtung entpuppen sich die in diesem Kontext gemeinhin verwendeten Standardtechnologien allerdings als teuer und technisch aufwendig, was deren Anwendbarkeit f{\"u}r die gro{\ss}technische Herstellung von elektronischen Ger{\"a}ten stark einschr{\"a}nkt.  
In Anbetracht der oben genannten Beschr{\"a}nkungen wurde eine neue Depositionsmethode entwickelt, die den Namen ?Organic Solid-Solid Wetting Deposition? (OSWD) erhielt. Das zugrundeliegende, fundamentale Ph{\"a}nomen der Festphasenbenetzung tritt an der fest/fest Grenzfl{\"a}che auf und erzeugt supramolekulare Adsorbatstrukturen direkt aus dispergierten dreidimensionalen (3D) organischen Halbleiterkristallen, und das unter Umgebungs-bedingungen und auf unkomplizierte Art und Weise. Die OSWD erfordert daher weder das Aufl{\"o}sen, das Schmelzen, noch das Verdampfen der Ursprungskristalle, was sie zu einem vielversprechenden Ansatz f{\"u}r verschiedene Forschungs- und Technologiebereiche macht.
Zu Beginn der vorliegenden Dissertation fehlte jedoch ein tiefgreifendes Verst{\"a}ndnis der physikalisch-chemischen Grundlagen des OSWD Prozesses, was die weitere Entwicklung von Methoden, den grundlegenden Effekt zu katalysieren, verhinderte. Dies machte eine Einsch{\"a}tzung der Potentiale der OSWD Technologie unm{\"o}glich, insbesondere f{\"u}r den Bereich der kohlenstoffbasierten Elektronik. Um diese Grundlagen nun zu erforschen, wurden Modellsysteme in ceteris paribus Ans{\"a}tzen untersucht. Die Modellsysteme wurden zusammengesetzt aus verschiedenen Substratmaterialien (in hohem Ma{\ss}e gerichteter pyrolytischer Graphit (HOPG), Kohlenstoffnanor{\"o}hrchen, Graphen und Molybd{\"a}ndisulfid (MoS2)), variierenden w{\"a}ssrigen und organischen Dispersionsmedien, und aus einem von zwei organischen, halbleitenden Pigmenten (Gammachinacridon und Dimethylchinacridon) als den aktiven Phasen. 
Zur experimentellen Analyse der Modellsysteme wurden Rastertunnelmikroskopie (STM), Rastertunnelspektroskopie (STS), Raman-Spektroskopie und Rasterelektronenmikroskopie verwendet und dar{\"u}ber hinaus wurden die Partikelgr{\"o}{\ss}e, das Zetapotential und der pH-Wert analysiert. Zus{\"a}tzliche Erkenntnisse {\"u}ber die Grundlagen der OSWD wurden mithilfe theoretischer Methoden wie z.B. durch Kraftfeldrechnungen und weiterentwickelte DLVO Simulationen gewonnen. 
Eine kurze Zusammenfassung der Erkenntnisse und Ergebnisse der vorliegenden Dissertation:
?	Bis zu Temperaturen von mindestens 160 ?C weist die mittels OSWD erzeugte Adsorbatschicht eine ausgepr{\"a}gte Dom{\"a}nenstruktur und eine nur partielle Bedeckung auf, die ihre Ursache in der limitierten Oberfl{\"a}chendiffusion und der Anisotropie der Bindungsenergie der 3D Halbleiterkristalle hat. Ab 240 ?C bildet sich jedoch eine gro{\ss}fl{\"a}chige, homogene und l{\"u}ckenlose Monoschicht. Dar{\"u}ber hinaus sind die erzeugten supramolekularen Adsorbate temperaturbest{\"a}ndig bis mindestens 300 ?C, mindestens 36 Tage lagerstabil, sowie feuchtigkeits- und wasserbest{\"a}ndig.
?	Ein fundamentales Modell wurde vorgeschlagen, das zeigt, dass der OSWD-Prozess abh{\"a}ngig ist von einem komplexen Gleichgewicht physikalisch-chemischer Wechselwirkungen zwischen verschiedenen Komponenten im System. Infolgedessen durchl{\"a}uft ein Halbleiterkristall, der sich einem Substrat n{\"a}hert, verschiedene Teilprozesse, die die OSWD ma{\ss}geblich beeinflussen. Die katalytische Wirkung des Dispersionsmediums wird dabei ma{\ss}geblich von den elektrischen Doppelschichtkr{\"a}ften bestimmt, einschlie{\ss}lich der sogenannten Casimir-{\"a}hnlichen fluktuationsinduzierten Kr{\"a}fte. Diese Kr{\"a}fte lassen sich anhand des Zetapotentials quantifizieren. F{\"u}r das Ausl{\"o}sen der OSWD ist dar{\"u}ber hinaus ein direkter physischer Kontakt zwischen Halbleiterkristall und Substrat essentiell, welcher insbesondere durch den Effekt der Entnetzung in einem hydrophoben und {\"o}rtlich im Nanometerbereich begrenzten Raum erm{\"o}glicht wird.
?	Auf der Grundlage des gewonnenen tieferen Verst{\"a}ndnisses von der OSWD k{\"o}nnen jetzt unl{\"o}sliche organische Halbleiter mithilfe neuer organischer oder w{\"a}ssriger Dispersionsmedien verarbeitet werden, wodurch sich die Produktionskosten der Technologie deutlich reduzieren. Dar{\"u}ber hinaus k{\"o}nnen das Adsorbatschichtdesign und die Oberfl{\"a}chenbedeckung (letztere zwischen 0,3 und 98 \%) jetzt auch global gesteuert werden. Dies wird erm{\"o}glicht durch die Vielzahl an geeigneten Dispersionsmedien, Additiven wie Salze, S{\"a}uren, Basen, sowie fortschrittlichen Probenvorbereitungs- und Nachbearbeitungstechniken. Die OSWD-Methode zeichnet sich somit durch ihre Umweltfreundlichkeit, eine freie Skalierbarkeit und gro{\ss}technische Umsetzbarkeit aus, und demonstriert damit ihre Wettbewerbsf{\"a}higkeit gegen{\"u}ber den Standardtechnologien.  
?	Perspektivisch gestatten die in dieser Dissertation identifizierten vielf{\"a}ltigen M{\"o}glichkeiten zur Ausl{\"o}sung und Steuerung der OSWD die Verwendung der Methode in verschiedenen Verarbeitungstechnologien wie Tintenstrahldruck, Fallguss oder Rotationsbeschichtung. Dar{\"u}ber hinaus zeigten die STM- und STS-Analysen deutlich, dass Graphen mithilfe der OSWD chemisch dotiert werden kann. Dies ebnet den Weg f{\"u}r ein zuk{\"u}nftiges Bandgap Engineering von Graphen. {\"U}berdies ergibt sich ein deutliches Anwendungspotential f{\"u}r fortschrittliche elektrische Bauteile auf Basis von pigmentfunktionalisiertem Graphen und damit beispielsweise im Bereich der gedruckten und flexiblen kohlenstoffbasierten Elektronik.},
  author    = {Alexander Richard Eberle},
  groups    = {Quinacridone},
  keywords  = {carbon-based electronics, Organic Solid-Solid Wetting Deposition, STM (Scanning Tunneling Microscopy), STS (Scanning Tunneling Spectroscopy), DLVO, graphene, Quinacridone, supramolecular adsorbates, bandgap, Raman Spectroscopy, fluctuation-induced Casimir-like forces, hydrophobic dewetting, zeta potential},
  publisher = {Ludwig-Maximilians-Universit{\"a}t M{\"u}nchen},
  title     = {Growing low-dimensional supramolecular crystals via Organic Solid-Solid Wetting Deposition},
  url       = {http://nbn-resolving.de/urn:nbn:de:bvb:19-246005},
  year      = {2019},
}

@Article{Trixler2007,
  author   = {Trixler, Frank and Markert, Thomas and Lackinger, Markus and Jamitzky, Ferdinand and Heckl, Wolfgang M.},
  journal  = {Chemistry – A European Journal},
  title    = {Supramolecular Self-Assembly Initiated by Solid–Solid Wetting},
  year     = {2007},
  number   = {27},
  pages    = {7785-7790},
  volume   = {13},
  abstract = {Abstract We present a preparation method for self-assembled supra-molecular monolayers of unsubstituted organic semiconductors and pigments on a solid substrate, applicable under ambient conditions. The deposition is based on a solid–solid wetting phenomenon, whereas the subsequent layer growth proceeds according to standard models. Molecular adsorption results from direct contact of the compound in a nanocrystalline state with the solid surface. Based on complementary force field calculations, we propose that molecules disintegrate from the crystalline state and adsorb on the surface because of a gain in binding energy. The preparation method is exemplified by means of a linear hydrogen-bonded system, namely quinacridone (QAC) on graphite. In addition, the chosen system allows us to actively guide the self-assembly after deliberate removal of molecules from a predefined area.},
  doi      = {https://doi.org/10.1002/chem.200700529},
  eprint   = {https://chemistry-europe.onlinelibrary.wiley.com/doi/pdf/10.1002/chem.200700529},
  groups   = {Quinacridone},
  keywords = {adsorption, nanostructures, scanning probe microscopy, self-assembly, semiconductors},
  url      = {https://chemistry-europe.onlinelibrary.wiley.com/doi/abs/10.1002/chem.200700529},
}

@Article{Glowacki2013,
  author   = {Glowacki, Eric Daniel and Irimia-Vladu, Mihai and Kaltenbrunner, Martin and Gsiorowski, Jacek and White, Matthew S. and Monkowius, Uwe and Romanazzi, Giuseppe and Suranna, Gian Paolo and Mastrorilli, Piero and Sekitani, Tsuyoshi and Bauer, Siegfried and Someya, Takao and Torsi, Luisa and Sariciftci, Niyazi Serdar},
  journal  = {Advanced Materials},
  title    = {Hydrogen-Bonded Semiconducting Pigments for Air-Stable Field-Effect Transistors},
  year     = {2013},
  number   = {11},
  pages    = {1563-1569},
  volume   = {25},
  abstract = {Extensive intramolecular π-conjugation is considered to be requisite in the design of organic semiconductors. Here, two inkjet pigments, epindolidione and quinacridone, that break this design rule are explored. These molecules afford intermolecular π-stacking reinforced by hydrogen-bonding bridges. Air-stable organic field effect transistors are reported that support mobilities up to 1.5 cm2/Vs with T80 lifetimes comparable with the most stable reported organic semiconducting materials.},
  doi      = {https://doi.org/10.1002/adma.201204039},
  eprint   = {https://advanced.onlinelibrary.wiley.com/doi/pdf/10.1002/adma.201204039},
  groups   = {Quinacridone},
  keywords = {organic electronics, organic pigments, field-effect transistors},
  url      = {https://advanced.onlinelibrary.wiley.com/doi/abs/10.1002/adma.201204039},
}

@Article{DanielGlowacki2012,
  author   = {Daniel Glowacki, Eric and Leonat, Lucia and Irimia-Vladu, Mihai and Schwödiauer, Reinhard and Ullah, Mujeeb and Sitter, Helmut and Bauer, Siegfried and Serdar Sariciftci, Niyazi},
  journal  = {Applied Physics Letters},
  title    = {Intermolecular hydrogen-bonded organic semiconductors—Quinacridone versus pentacene},
  year     = {2012},
  issn     = {0003-6951},
  month    = {07},
  number   = {2},
  pages    = {023305},
  volume   = {101},
  abstract = {Quinacridone is a five-ring hydrogen-bonded molecule analogous in structure and size to the well-known organic semiconductor pentacene. Unlike pentacene, quinacridone has limited intramolecular π-conjugation and becomes highly colored in the solid state due to strong intermolecular electronic coupling. We found that quinacridone shows a field-effect mobility of 0.1 cm2/V·s, comparable to mobilities of pentacene in similarly prepared devices. Photoinduced charge generation in single-layer quinacridone metal-insulator-metal diodes is more than a hundred times more efficient than in pentacene devices. Photoinduced charge transfer from quinacridone to C60 is not effective, as evidenced by measurements in heterojunctions with C60. Hydrogen-bonded organic solids may provide new avenues for organic semiconductor design.},
  doi      = {10.1063/1.4736579},
  eprint   = {https://pubs.aip.org/aip/apl/article-pdf/doi/10.1063/1.4736579/13167115/023305\_1\_online.pdf},
  groups   = {Quinacridone},
  url      = {https://doi.org/10.1063/1.4736579},
}

@Article{Wang2016,
  author    = {Wang, Chenguang and Zhang, Zuolun and Wang, Yue},
  journal   = {Journal of Materials Chemistry C},
  title     = {Quinacridone-based $\pi$-conjugated electronic materials},
  year      = {2016},
  number    = {42},
  pages     = {9918--9936},
  volume    = {4},
  groups    = {Quinacridone},
  publisher = {Royal Society of Chemistry},
}

@Article{Jeon2018,
  author    = {Jeon, Jongwook and Jhon, Heesauk and Kang, Myounggon and Song, Ho Jun and An, Tae Kyu},
  journal   = {Organic Electronics},
  title     = {Quinacridone-quinoxaline-based copolymer for organic field-effect transistors and its high-voltage logic circuit operations},
  year      = {2018},
  pages     = {1--4},
  volume    = {56},
  groups    = {Quinacridone},
  publisher = {Elsevier},
}

@Article{Jeong2017,
  author    = {Jeong, Yong Jin and Jeon, Jongwook and Lee, Sangkug and Kang, Myounggon and Jhon, Heesauk and Song, Ho Jun and Park, Chan Eon and An, Tae Kyu},
  journal   = {IEEE Journal of the Electron Devices Society},
  title     = {Development of organic semiconductors based on quinacridone derivatives for organic field-effect transistors: High-voltage logic circuit applications},
  year      = {2017},
  number    = {3},
  pages     = {209--213},
  volume    = {5},
  groups    = {Quinacridone},
  publisher = {IEEE},
}

@Article{Kanbur2019,
  author    = {Kanbur, Yasin and Coskun, Halime and Glowacki, Eric Daniel and Irimia-Vladu, Mihai and Sariciftci, Niyazi Serdar and Yumusak, Cigdem},
  journal   = {Organic Electronics},
  title     = {High temperature-stability of organic thin-film transistors based on quinacridone pigments},
  year      = {2019},
  pages     = {53--57},
  volume    = {66},
  groups    = {Quinacridone},
  publisher = {Elsevier},
}

@Article{Berg2009,
  author    = {Berg, Dominik and Nielinger, Christine and Mader, Werner and Sokolowski, Moritz},
  journal   = {Synthetic metals},
  title     = {Quinacridone organic field effect transistors with significant stability by vacuum sublimation},
  year      = {2009},
  number    = {23-24},
  pages     = {2599--2602},
  volume    = {159},
  groups    = {Quinacridone},
  publisher = {Elsevier},
}

@Article{Wang2016a,
  author    = {Wang, Chenguang and Wang, Shipan and Chen, Weiping and Zhang, Zuolun and Zhang, Hongyu and Wang, Yue},
  journal   = {RSC Advances},
  title     = {A diphenylamino-substituted quinacridone derivative: red fluorescence based on intramolecular charge-transfer transition},
  year      = {2016},
  number    = {23},
  pages     = {19308--19313},
  volume    = {6},
  groups    = {Quinacridone},
  publisher = {Royal Society of Chemistry},
}

@Article{Min2021,
  author   = {Min, Hyukgi and Park, In Seob and Yasuda, Takuma},
  journal  = {Angewandte Chemie International Edition},
  title    = {cis-Quinacridone-Based Delayed Fluorescence Emitters: Seemingly Old but Renewed Functional Luminogens},
  year     = {2021},
  number   = {14},
  pages    = {7643-7648},
  volume   = {60},
  abstract = {Abstract Herein, we report a material design of linear cis-quinacridone (cis-QA) derivatives as delayed fluorescence luminogens. In contrast to the widely studied traditional trans-isomers, the functionality of cis-QA and its derivatives remains unexplored and unclarified. Through combined computational and experimental investigations, we revealed that cis-QA derivatives can function as fascinating narrowband deep-blue delayed fluorescence emitters for organic light-emitting diodes (OLEDs). The best-performing deep-blue OLEDs incorporating these cis-QA luminogens achieved high external electroluminescence quantum efficiencies of up to 19.0 \% and high color purity with chromaticity coordinates of (0.13, 0.14).},
  doi      = {https://doi.org/10.1002/anie.202016914},
  eprint   = {https://onlinelibrary.wiley.com/doi/pdf/10.1002/anie.202016914},
  groups   = {Quinacridone},
  keywords = {charge transfer, organic light-emitting diodes, quinacridones, spin-orbit coupling, thermally activated delayed fluorescence},
  url      = {https://onlinelibrary.wiley.com/doi/abs/10.1002/anie.202016914},
}

@Article{Cunha2018,
  author   = {Marina Pilz da Cunha and Thu Trang Do and Soniya D. Yambem and Hong Duc Pham and Samuel Chang and Sergei Manzhos and Ryuzi Katoh and Prashant Sonar},
  journal  = {Materials Chemistry and Physics},
  title    = {A triphenylamine substituted quinacridone derivative for solution processed organic light emitting diodes},
  year     = {2018},
  issn     = {0254-0584},
  pages    = {56-63},
  volume   = {206},
  abstract = {We report on a novel quinacridone derivative design, namely, 2,9-bis(4-(bis(4-methoxyphenyl)amino)phenyl)-5,12-bis(2-ethylhexyl)-5,12-dihydroquinolino[2,3-b]acridine-7,14-dione (TPA-QA-TPA) for possible use as a solution processable emissive layer in organic light emitting diodes (OLEDs). TPA-QA-TPA contains branched alkyl chains for enhanced solubility and methoxytriphenylamine moieties (TPA) as end capping groups. The end capping groups not only extend the molecular conjugation leading to a red shifted emission, but have a propeller shaped conformation. The propeller design hinders the intermolecular π-π stacking, hindering aggregation and hence suppressing concentration quenching of the fluorophores in the solid state. The new molecular design shows good thermal stability, with a decomposition temperature of 390 °C and a melting temperature of 295 °C. The absorption and emission maxima for TPA-QA-TPA compound are 552 and 622 nm respectively. Using TPA-QA-TPA as a dopant in tris(8-hydroxyquinolinato)aluminum (Alq3), organic light emitting diodes were realized in a simple device structure.},
  doi      = {https://doi.org/10.1016/j.matchemphys.2017.11.043},
  groups   = {Quinacridone},
  keywords = {Quinacridone, Triphenylamine, Solution process, Fluorescence, Organic light emitting diode},
  url      = {https://www.sciencedirect.com/science/article/pii/S0254058417309227},
}

@Article{Dunst2017,
  author    = {Dunst, Sebastian and Karner, Esther and Coppola, Maria and Trimmel, Gregor and Irimia-Vladu, Mihai},
  journal   = {Monatshefte für Chemie - Chemical Monthly},
  title     = {Comparison of the solution and vacuum-processed quinacridones in homojunction photovoltaics},
  year      = {2017},
  month     = {3},
  number    = {5},
  pages     = {863-870},
  volume    = {148},
  date      = {2017-03-31},
  day       = {31},
  doi       = {10.1007/s00706-017-1971-3},
  groups    = {Quinacridone},
  publisher = {Springer Science and Business Media LLC},
}

@Article{Sung2017,
  author   = {Hyun Ah Sung and Doo Hun Kim and Tae Ho Lee and Min Hee Choi and Eui Jin Lee and Doo Kyung Moon},
  journal  = {Journal of Industrial and Engineering Chemistry},
  title    = {Effect of conjugated 2D-side groups on quinacridone-based copolymers to adjust deep HOMO level for photovoltaics},
  year     = {2017},
  issn     = {1226-086X},
  pages    = {304-314},
  volume   = {46},
  abstract = {Different conjugated 2D-side groups were introduced to polymerize four types of two-dimensional polymers, PQCT-m8Qx, PQCT-mEHQx, PQCT-BT and PQCT-DPP, through a Suzuki coupling reaction. In comparison with the linear polymer which used the same backbone, the two-dimensional (2D) conjugated side chain polymer exhibits the delocalization of its electron clouds due to the extension of the side chain. So, all four polymers showed a low HOMO level, thus showing high VOC. Among the four, the HOMO level of PQCT-BT was the lowest, by −5.63eV. When manufacturing a device, VOC was 0.92V, which is the highest.},
  doi      = {https://doi.org/10.1016/j.jiec.2016.10.044},
  groups   = {Quinacridone},
  keywords = {Bulk heterojunction polymer solar cells, Conjugated 2D-side groups, Suzuki coupling reaction, Deep HOMO level},
  url      = {https://www.sciencedirect.com/science/article/pii/S1226086X16304233},
}

@Comment{jabref-meta: databaseType:bibtex;}

@Comment{jabref-meta: grouping:
0 AllEntriesGroup:;
1 StaticGroup:Quinacridone\;0\;1\;\;\;\;;
1 StaticGroup:XPS\;0\;1\;\;\;\;;
1 StaticGroup:Introduction\;0\;1\;\;\;\;;
1 StaticGroup:Material\;0\;1\;\;\;\;;
}
