@article{beispielquelle,
    title={Ein Beispielartikel},
    author={Mustermann, Max},
    journal={Beispielzeitschrift},
    volume={1},
    number={1},
    pages={1--10},
    year={2024},
    publisher={Beispielverlag}
}

@book{beispielbuch,
    title={Handbuch der Wissenschaft},
    author={Schmidt, Anna},
    year={2023},
    publisher={Wissenschaftsverlag},
    address={Berlin}
}

@online{beispielwebsite,
    title={Online-Ressource},
    author={Johnson, John},
    url={https://beispiel.com},
    urldate={2024-06-28},
    year={2024}
}
