@article{Abdulrazzaq2013,
  title = {Organic {{Solar Cells}}: {{A Review}} of {{Materials}}, {{Limitations}}, and {{Possibilities}} for {{Improvement}}},
  shorttitle = {Organic {{Solar Cells}}},
  author = {Abdulrazzaq, Omar A. and , Viney, Saini and , Shawn, Bourdo and , Enkeleda, Dervishi and family=Biris, given=Alexandru S., prefix=and, useprefix=true},
  date = {2013-09-03},
  journaltitle = {Particulate Science and Technology},
  volume = {31},
  number = {5},
  pages = {427--442},
  publisher = {Taylor \& Francis},
  issn = {0272-6351},
  doi = {10.1080/02726351.2013.769470},
  abstract = {Significant attention has been given during the last few years to overcome technological and material barriers in order to develop organic photovoltaic devices (OPVs) with comparable cost efficiency similar to the inorganic photovoltaics (PVs) and to make them commercially viable. To take advantage of the low cost for such devices, major improvements are necessary which include: an efficiency of around 10\%, high stability from degradation under real-world conditions, novel optically active materials, and development of novel fabrication approaches. In order to meet such stringent requirements, the research and development in OPVs need to improve upon the short diffusion length of excitons, which is one of the factors that are responsible for their low power conversion efficiency. This review discusses some of the most significant technological developments that were presented in the literature and helped improve photovoltaic performance, such as tandem architectures, plasmonics, and use of graphitic nanostructural materials, among others. Tandem organic solar cells with embedded plasmonics are a promising approach to further increase the power conversion efficiency of organic solar cells, by harvesting complementary spectral regions with high quantum efficiencies. Polymeric nanocomposites incorporating graphitic nanostructures were extensively investigated for the next generation of efficient and low-cost solar cells, since such nanomaterials show excellent electrical and mechanical properties, excellent carrier transport capabilities, and provide an efficient pathway to the dissociated charge carriers.},
  keywords = {Carbon nanotubes,organic solar cells,plasmonics,tandem solar cells},
  groups = {Paper},
  timestamp = {2025-06-26T14:53:38Z}
}

@thesis{Aldahhak,
  title = {Understanding On-Surface Structure Formation and Chemical Transformations from Theoretical Spectroscopy},
  author = {Aldahhak, Hazem},
  institution = {Universität Paderborn},
  location = {Paderborn},
  abstract = {Organic molecules experience appealing applications in the industry of electronic devices. The key to developing the functionality of these applications lies in the thorough understanding of the electronic structure of the employed molecules and their interactions with the unavoidable surfaces.},
  langid = {english},
  groups = {Thesis},
  timestamp = {2025-06-26T15:21:14Z},
  file = {PDF:/Users/lucashirschfeld/Zotero/storage/XDEHCKJ5/Aldahhak - Understanding on-surface structure formation and chemical transformations from theoretical spectrosc.pdf:application/pdf}
}

@book{Attard1998,
  title = {Surfaces},
  author = {Attard, Gary and Barnes, Colin},
  date = {1998-06-11},
  publisher = {Oxford University Press, USA},
  isbn = {978-0-19-855686-2},
  pagetotal = {96},
  groups = {Books},
  timestamp = {2025-06-27T14:24:57Z}
}

@article{Bagus2025,
  title = {The {{XPS}} of Pyridine: {{A}} Combined Theoretical and Experimental Analysis},
  shorttitle = {The {{XPS}} of Pyridine},
  author = {Bagus, Paul S. and Nelin, Connie J. and Sassi, Michel and Baranowski, Daniel and Sharp, Marcus A. and Autrey, Tom and Dohnálek, Zdenek and Novotny, Zbynek},
  date = {2025-02-28},
  journaltitle = {The Journal of Chemical Physics},
  volume = {162},
  number = {8},
  pages = {084111},
  issn = {0021-9606, 1089-7690},
  doi = {10.1063/5.0249190},
  abstract = {A detailed analysis of the N(1s) and C(1s) X-Ray Photoelectron Spectroscopy (XPS) is made, where the measured XPS is compared with theoretical Sudden Approximation (SA) intensities and theoretical XPS Binding Energies (BEs). There is remarkably good agreement between the theoretical predictions and the measured XPS; in particular, the different full width at half maximum values for the C(1s) and N(1s) BEs are explained in terms of unresolved C(1s) BEs for the different C atoms in pyridine. This work demonstrates that the combination of theory and XPS measurements can extract analysis of the XPS relevant to the molecular electronic structure. The theory used is based on fully relativistic self-consistent field solutions of the Dirac–Coulomb Hamiltonian, and the SA is used to determine relative XPS intensities.},
  langid = {english},
  groups = {Paper},
  timestamp = {2025-06-26T15:37:29Z},
  file = {PDF:/Users/lucashirschfeld/Zotero/storage/5QQRG96G/Bagus et al. - 2025 - The XPS of pyridine A combined theoretical and experimental analysis.pdf:application/pdf}
}

@thesis{Bauer2014,
  title = {Surface Bonding of a Functionalized Aromatic Molecule: {{Adsorption}} Configurations of {{PTCDA}} on Coinage Metal Surfaces},
  author = {Bauer, Oliver},
  date = {2014},
  institution = {Rheinische Friedrich-Wilhelms-Universität Bonn},
  groups = {Thesis},
  timestamp = {2025-06-27T14:24:57Z},
  file = {PDF:/Users/lucashirschfeld/Zotero/storage/SQVSVBIP/Bauer - 2014 - Surface bonding of a functionalized aromatic molecule Adsorption configurations of PTCDA on coinage.pdf:application/pdf}
}

@article{Berg2009,
  title = {Quinacridone Organic Field Effect Transistors with Significant Stability by Vacuum Sublimation},
  author = {Berg, Dominik and Nielinger, Christine and Mader, Werner and Sokolowski, Moritz},
  date = {2009-12},
  journaltitle = {Synthetic Metals},
  shortjournal = {Synthetic Metals},
  volume = {159},
  number = {23--24},
  pages = {2599--2602},
  issn = {03796779},
  doi = {10.1016/j.synthmet.2009.09.017},
  abstract = {Quinacridone (QA), a highly stable red dye, was investigated for the fabrication of organic field effect transistors (OFETs) by vacuum sublimation. Field effect mobilities for holes of 10−6 to 10−3 cm2/Vs were found, depending on the purity of the QA and the substrate temperature during the sublimation. The latter influences the structural phase composition of the films. The temperature dependence of the mobilities exhibits a maximum ( = (1.5 ± 0.2) × 10−3 cm2/Vs) at ∼270 K. Over a period of 50 days, the mobilities are stable and even slightly increase, although the OFETs were exposed to air between measurements.},
  langid = {english},
  groups = {Paper},
  timestamp = {2025-06-26T15:29:28Z},
  file = {PDF:/Users/lucashirschfeld/Zotero/storage/UIRBF5VF/Berg et al. - 2009 - Quinacridone organic field effect transistors with significant stability by vacuum sublimation.pdf:application/pdf}
}

@thesis{Bohner2022,
  title = {Optical, {{Morphological}}, and {{Electrical}}  {{Properties}} of {{Merocyanine Molecular}}  {{Aggregate Thin Films}} - {{A Correlated Study}}},
  author = {Böhner, Lukas},
  date = {2022},
  institution = {Universität zu Köln},
  location = {Köln},
  groups = {Thesis},
  timestamp = {2025-06-26T15:19:09Z},
  file = {PDF:/Users/lucashirschfeld/Zotero/storage/G7CLP79H/Dissertation_LukasBöhner_13.02.2022.pdf:application/pdf}
}

@thesis{Bretel,
  title = {Design and Study of Low Dimensional Systems Decoupled from Metallic Surfaces for Nano-Optics},
  author = {Bretel, Rémi},
  institution = {Université Paris-Saclay},
  location = {Orsay},
  groups = {Thesis},
  timestamp = {2025-06-26T15:21:58Z},
  file = {PDF:/Users/lucashirschfeld/Zotero/storage/2ZFTWKQ4/Bretel - Design and study of low dimensional systems decoupled from metallic surfaces for nano-optics.pdf:application/pdf}
}

@book{Briggs1992,
  title = {Practical Surface Analysis},
  author = {Briggs, D. and Seah, M. P.},
  date = {1992-10-12},
  publisher = {John Wiley \& Sons Ltd},
  abstract = {The aim of this text is to present the background, important concepts, and tabulated data of Auger electron spectroscopy (AES) and X-ray photoelectron spectroscopy (XPS) in a practical context for those involved in applied surface analysis techniques.},
  isbn = {978-0-471-93823-1},
  langid = {Englisch},
  pagetotal = {1430},
  timestamp = {2025-06-26T14:57:31Z}
}

@thesis{Brulke2021,
  title = {Structural and Electronic Decoupling of a Large Organic  Molecule from a Metal Surface by a Single Layer of  Hexagonal Boron Nitride},
  author = {Brülke, Christine},
  date = {2021},
  institution = {Rheinische Friedrich-Wilhelms-Universität Bonn},
  location = {Bonn},
  groups = {Thesis},
  timestamp = {2025-06-26T15:22:53Z},
  file = {PDF:/Users/lucashirschfeld/Zotero/storage/7FICD8ND/Dissertation - Christine Brülke 2021.pdf:application/pdf}
}

@manual{CasaSoftwareLtd2022,
  type = {manual},
  title = {{{CasaXPS}}: {{Processing}} Software for {{XPS}}, {{AES}}, {{SIMS}} and More},
  author = {{Casa Software Ltd}},
  date = {2022},
  groups = {Manuals},
  timestamp = {2025-06-27T14:24:57Z}
}

@article{Chamberlain,
  title = {Organic Solar Cell: {{A}} Review},
  author = {Chamberlain, G A},
  abstract = {The status of organic solar cell research is reviewed. The field is still in the early stages of development, but conversion efficiencies in sunlight of about 1\% have been achieved. Special emphasis has been given to doping effects, carrier photogeneration and recombination. Improved understanding of the photovoltaic mechanism and the wide-ranging possibilities of molecular tailoring suggest that ultimate efficiencies of around 10\% in Schottky barrier devices should be within reach.},
  langid = {english},
  groups = {Paper},
  timestamp = {2025-06-26T14:51:47Z},
  file = {PDF:/Users/lucashirschfeld/Zotero/storage/TDX2QF8M/Chamberlain - ORGANIC SOLAR CELLS A REVIEW.pdf:application/pdf}
}

@online{ChemicalBook2025,
  title = {Quinacridone},
  author = {{ChemicalBook}},
  date = {2025-06},
  url = {https://www.chemicalbook.com/ChemicalProductProperty_EN_CB2756231.htm},
  groups = {Internet},
  timestamp = {2025-06-27T14:24:57Z}
}

@online{ChemSpider2025,
  title = {Quinacridone},
  author = {{ChemSpider}},
  date = {2025-06},
  url = {https://www.chemspider.com/Chemical-Structure.13369.html},
  groups = {Internet},
  timestamp = {2025-06-27T14:24:57Z}
}

@article{Chung1971,
  title = {Vacuum Sublimation and Crystallography of Quinacridones},
  author = {Chung, F. H. and Scott, R. W.},
  date = {1971-12},
  journaltitle = {Journal of Applied Crystallography},
  volume = {4},
  number = {6},
  pages = {506--511},
  doi = {10.1107/S0021889871007544},
  abstract = {Quinacridones are pigments of outstanding light, heat and chemical fastness. Single crystals of linear unsubstituted quinacridone and 4,11-dichloroquinacridone were grown by the vacuum sublimation method at about 425°C and 390°C respectively under a vacuum of 0.3torr. The sublimation products are always γ-form quinacridone and β-form 4,11-dichloroquinacridone no matter what respective polymorphic forms are used as the starting material. Exothermic effects at transition temperatures were observed for both materials on heating by TGA and DSC techniques. The space groups and unit-cell dimensions were determined by the precession method. The powder patterns are indexed by single-crystal data. The size, shape, and orientation of the molecules as well as the general structure features are discussed.},
  groups = {Paper},
  timestamp = {2025-06-27T14:24:57Z}
}

@article{Cunha2018,
  title = {A Triphenylamine Substituted Quinacridone Derivative for Solution Processed Organic Light Emitting Diodes},
  author = {Cunha, Marina Pilz Da and Do, Thu Trang and Yambem, Soniya D. and Pham, Hong Duc and Chang, Samuel and Manzhos, Sergei and Katoh, Ryuzi and Sonar, Prashant},
  date = {2018-02},
  journaltitle = {Materials Chemistry and Physics},
  shortjournal = {Materials Chemistry and Physics},
  volume = {206},
  pages = {56--63},
  issn = {02540584},
  doi = {10.1016/j.matchemphys.2017.11.043},
  abstract = {We report on a novel quinacridone derivative design, namely, 2,9-bis(4-(bis(4-methoxyphenyl)amino) phenyl)-5,12-bis(2-ethylhexyl)-5,12-dihydroquinolino[2,3-b]acridine-7,14-dione (TPA-QA-TPA) for possible use as a solution processable emissive layer in organic light emitting diodes (OLEDs). TPA-QATPA contains branched alkyl chains for enhanced solubility and methoxytriphenylamine moieties (TPA) as end capping groups. The end capping groups not only extend the molecular conjugation leading to a red shifted emission, but have a propeller shaped conformation. The propeller design hinders the intermolecular p-p stacking, hindering aggregation and hence suppressing concentration quenching of the fluorophores in the solid state. The new molecular design shows good thermal stability, with a decomposition temperature of 390 C and a melting temperature of 295 C. The absorption and emission maxima for TPA-QA-TPA compound are 552 and 622 nm respectively. Using TPA-QA-TPA as a dopant in tris(8-hydroxyquinolinato)aluminum (Alq3), organic light emitting diodes were realized in a simple device structure.},
  langid = {english},
  groups = {Paper},
  timestamp = {2025-06-26T14:35:58Z},
  file = {PDF:/Users/lucashirschfeld/Zotero/storage/EHQ2UPVG/Cunha et al. - 2018 - A triphenylamine substituted quinacridone derivative for solution processed organic light emitting d.pdf:application/pdf}
}

@article{DanielGlowacki2012,
  title = {Intermolecular Hydrogen-Bonded Organic Semiconductors-{{Quinacridone}} versus Pentacene},
  author = {Daniel Głowacki, Eric and Leonat, Lucia and Irimia-Vladu, Mihai and Schwödiauer, Reinhard and Ullah, Mujeeb and Sitter, Helmut and Bauer, Siegfried and Serdar Sariciftci, Niyazi},
  date = {2012-07-09},
  journaltitle = {Applied Physics Letters},
  volume = {101},
  number = {2},
  pages = {023305},
  issn = {0003-6951, 1077-3118},
  doi = {10.1063/1.4736579},
  abstract = {Quinacridone is a five-ring hydrogen-bonded molecule analogous in structure and size to the well-known organic semiconductor pentacene. Unlike pentacene, quinacridone has limited intramolecular π-conjugation and becomes highly colored in the solid state due to strong intermolecular electronic coupling. We found that quinacridone shows a field-effect mobility of 0.1 cm2/V·s, comparable to mobilities of pentacene in similarly prepared devices. Photoinduced charge generation in single-layer quinacridone metal-insulator-metal diodes is more than a hundred times more efficient than in pentacene devices. Photoinduced charge transfer from quinacridone to C60 is not effective, as evidenced by measurements in heterojunctions with C60. Hydrogen-bonded organic solids may provide new avenues for organic semiconductor design.},
  langid = {english},
  groups = {Paper},
  timestamp = {2025-06-28T17:05:39Z},
  file = {PDF:/Users/lucashirschfeld/Zotero/storage/EV8NDQ8K/Daniel Głowacki et al. - 2012 - Intermolecular hydrogen-bonded organic semiconductors—Quinacridone versus pentacene.pdf:application/pdf}
}

@article{Davisson1928,
  title = {Reflection of {{Electrons}} by a {{Crystal}} of {{Nickel}}},
  author = {Davisson, C. J. and Germer, L. H.},
  date = {1928-04},
  journaltitle = {Proceedings of the National Academy of Sciences},
  volume = {14},
  number = {4},
  pages = {317--322},
  publisher = {Proceedings of the National Academy of Sciences},
  doi = {10.1073/pnas.14.4.317},
  groups = {Paper},
  timestamp = {2025-06-25T20:04:13Z},
  file = {Full Text PDF:/Users/lucashirschfeld/Zotero/storage/4AAZC3Y4/Davisson und Germer - 1928 - Reflection of Electrons by a Crystal of Nickel.pdf:application/pdf}
}

@electronic{Diamond2025,
  title = {Diamond Light Source: {{I09}}},
  author = {Diamond},
  date = {2025-06},
  url = {https://www.diamond.ac.uk/Instruments/Structures-and-Surfaces/I09.html},
  groups = {Internet},
  timestamp = {2025-06-27T14:25:50Z}
}

@article{Dunst2017,
  title = {Comparison of the Solution and Vacuum-Processed Quinacridones in Homojunction Photovoltaics},
  author = {Dunst, Sebastian and Karner, Esther and Coppola, Maria Elisabetta and Trimmel, Gregor and Irimia-Vladu, Mihai},
  date = {2017-05-01},
  journaltitle = {Monatshefte für Chemie - Chemical Monthly},
  shortjournal = {Monatsh Chem},
  volume = {148},
  number = {5},
  pages = {863--870},
  issn = {1434-4475},
  doi = {10.1007/s00706-017-1971-3},
  abstract = {In this work, we explored industrially relevant pigments quinacridones as organic semiconductors with respect to their applicability in air-stable homojunction (single material-single layer) organic photovoltaic cells. We studied quinacridone and two linear transquinacridones, i.e., Pigment Red 122 (2,9′-dimethylquinacridone) and Pigment Red 202 (2,9′-dichloroquinacridone) in vacuum-processible OPV films and compared their performance to OPV films made from their solution-processed counterparts. We show that this class of materials generates photocurrent without the need of creating a donor–acceptor junction. Stable homojunctions were created both via vacuum-processible and solution-processible routes, with the latter method based on the chemical functionalization of the respective molecules with the thermolabile group, t-BOC, that affords solubility in various organic solvents and conversion back to the parent molecule via exposure to temperatures around 170~°C for periods not exceeding 30~min. We show that power conversion efficiencies around 0.15\% are reachable without scrupulous optimization of the homojunction cells in terms of electrode surface functionalization or film deposition conditions. This class of materials holds promise for the further development of a new generation of air-stable organic photovoltaic cells based on simple fabrication technologies.},
  langid = {english},
  keywords = {Hydrogen bonds,Molecular Electronics,Organic LEDs,Organic Molecules in Materials Science,Organic photovoltaics,Photovoltaics,Quinacridone,Solar Cells,Thermophotovoltaics,Transquinacridones,UV/Vis spectroscopy},
  groups = {Paper},
  timestamp = {2025-06-26T14:38:57Z},
  file = {Full Text PDF:/Users/lucashirschfeld/Zotero/storage/AFCRZVDL/Dunst et al. - 2017 - Comparison of the solution and vacuum-processed quinacridones in homojunction photovoltaics.pdf:application/pdf}
}

@thesis{Eberle2019,
  title = {Growing Low-Dimensional Supramolecular Crystals via Organic Solid-Solid Wetting Deposition},
  author = {Eberle, Alexander Richard},
  date = {2019-02},
  institution = {Ludwig-Maximilians-Universität München},
  url = {http://nbn-resolving.de/urn:nbn:de:bvb:19-246005},
  abstract = {Die kohlenstoffbasierte (Nano-) Elektronik nutzt die herausragenden Eigenschaften des Graphens aus und präsentiert sich deshalb als ein sehr vielversprechenden Ansatz, um die Grenzen der siliziumbasierten Elektronik zu überwinden und um innovative und zukunftsträchtige elektronische Geräte zu entwickeln. Vor diesem Hintergrund stellt die supramolekulare Selbstassemblierung ein etabliertes Verfahren zur Bottom-up Herstellung von niedrigdimensionalen Nanostrukturen und Adsorbaten aus molekularen Einheiten dar, da diese mithilfe programmierbarer nichtkovalenter Wechselwirkungen leicht gesteuert werden kann. Bei näherer Betrachtung entpuppen sich die in diesem Kontext gemeinhin verwendeten Standardtechnologien allerdings als teuer und technisch aufwendig, was deren Anwendbarkeit für die großtechnische Herstellung von elektronischen Geräten stark einschränkt. In Anbetracht der oben genannten Beschränkungen wurde eine neue Depositionsmethode entwickelt, die den Namen ?Organic Solid-Solid Wetting Deposition? (OSWD) erhielt. Das zugrundeliegende, fundamentale Phänomen der Festphasenbenetzung tritt an der fest/fest Grenzfläche auf und erzeugt supramolekulare Adsorbatstrukturen direkt aus dispergierten dreidimensionalen (3D) organischen Halbleiterkristallen, und das unter Umgebungs-bedingungen und auf unkomplizierte Art und Weise. Die OSWD erfordert daher weder das Auflösen, das Schmelzen, noch das Verdampfen der Ursprungskristalle, was sie zu einem vielversprechenden Ansatz für verschiedene Forschungs- und Technologiebereiche macht. Zu Beginn der vorliegenden Dissertation fehlte jedoch ein tiefgreifendes Verständnis der physikalisch-chemischen Grundlagen des OSWD Prozesses, was die weitere Entwicklung von Methoden, den grundlegenden Effekt zu katalysieren, verhinderte. Dies machte eine Einschätzung der Potentiale der OSWD Technologie unmöglich, insbesondere für den Bereich der kohlenstoffbasierten Elektronik. Um diese Grundlagen nun zu erforschen, wurden Modellsysteme in ceteris paribus Ansätzen untersucht. Die Modellsysteme wurden zusammengesetzt aus verschiedenen Substratmaterialien (in hohem Maße gerichteter pyrolytischer Graphit (HOPG), Kohlenstoffnanoröhrchen, Graphen und Molybdändisulfid (MoS2)), variierenden wässrigen und organischen Dispersionsmedien, und aus einem von zwei organischen, halbleitenden Pigmenten (Gammachinacridon und Dimethylchinacridon) als den aktiven Phasen. Zur experimentellen Analyse der Modellsysteme wurden Rastertunnelmikroskopie (STM), Rastertunnelspektroskopie (STS), Raman-Spektroskopie und Rasterelektronenmikroskopie verwendet und darüber hinaus wurden die Partikelgröße, das Zetapotential und der pH-Wert analysiert. Zusätzliche Erkenntnisse über die Grundlagen der OSWD wurden mithilfe theoretischer Methoden wie z.B. durch Kraftfeldrechnungen und weiterentwickelte DLVO Simulationen gewonnen. Eine kurze Zusammenfassung der Erkenntnisse und Ergebnisse der vorliegenden Dissertation: ? Bis zu Temperaturen von mindestens 160 ?C weist die mittels OSWD erzeugte Adsorbatschicht eine ausgeprägte Domänenstruktur und eine nur partielle Bedeckung auf, die ihre Ursache in der limitierten Oberflächendiffusion und der Anisotropie der Bindungsenergie der 3D Halbleiterkristalle hat. Ab 240 ?C bildet sich jedoch eine großflächige, homogene und lückenlose Monoschicht. Darüber hinaus sind die erzeugten supramolekularen Adsorbate temperaturbeständig bis mindestens 300 ?C, mindestens 36 Tage lagerstabil, sowie feuchtigkeits- und wasserbeständig. ? Ein fundamentales Modell wurde vorgeschlagen, das zeigt, dass der OSWD-Prozess abhängig ist von einem komplexen Gleichgewicht physikalisch-chemischer Wechselwirkungen zwischen verschiedenen Komponenten im System. Infolgedessen durchläuft ein Halbleiterkristall, der sich einem Substrat nähert, verschiedene Teilprozesse, die die OSWD maßgeblich beeinflussen. Die katalytische Wirkung des Dispersionsmediums wird dabei maßgeblich von den elektrischen Doppelschichtkräften bestimmt, einschließlich der sogenannten Casimir-ähnlichen fluktuationsinduzierten Kräfte. Diese Kräfte lassen sich anhand des Zetapotentials quantifizieren. Für das Auslösen der OSWD ist darüber hinaus ein direkter physischer Kontakt zwischen Halbleiterkristall und Substrat essentiell, welcher insbesondere durch den Effekt der Entnetzung in einem hydrophoben und örtlich im Nanometerbereich begrenzten Raum ermöglicht wird. ? Auf der Grundlage des gewonnenen tieferen Verständnisses von der OSWD können jetzt unlösliche organische Halbleiter mithilfe neuer organischer oder wässriger Dispersionsmedien verarbeitet werden, wodurch sich die Produktionskosten der Technologie deutlich reduzieren. Darüber hinaus können das Adsorbatschichtdesign und die Oberflächenbedeckung (letztere zwischen 0,3 und 98 \%) jetzt auch global gesteuert werden. Dies wird ermöglicht durch die Vielzahl an geeigneten Dispersionsmedien, Additiven wie Salze, Säuren, Basen, sowie fortschrittlichen Probenvorbereitungs- und Nachbearbeitungstechniken. Die OSWD-Methode zeichnet sich somit durch ihre Umweltfreundlichkeit, eine freie Skalierbarkeit und großtechnische Umsetzbarkeit aus, und demonstriert damit ihre Wettbewerbsfähigkeit gegenüber den Standardtechnologien. ? Perspektivisch gestatten die in dieser Dissertation identifizierten vielfältigen Möglichkeiten zur Auslösung und Steuerung der OSWD die Verwendung der Methode in verschiedenen Verarbeitungstechnologien wie Tintenstrahldruck, Fallguss oder Rotationsbeschichtung. Darüber hinaus zeigten die STM- und STS-Analysen deutlich, dass Graphen mithilfe der OSWD chemisch dotiert werden kann. Dies ebnet den Weg für ein zukünftiges Bandgap Engineering von Graphen. Überdies ergibt sich ein deutliches Anwendungspotential für fortschrittliche elektrische Bauteile auf Basis von pigmentfunktionalisiertem Graphen und damit beispielsweise im Bereich der gedruckten und flexiblen kohlenstoffbasierten Elektronik.},
  keywords = {bandgap,carbon-based electronics,DLVO,fluctuation-induced Casimir-like forces,graphene,hydrophobic dewetting,Organic Solid-Solid Wetting Deposition,Quinacridone,Raman Spectroscopy,STM (Scanning Tunneling Microscopy),STS (Scanning Tunneling Spectroscopy),supramolecular adsorbates,zeta potential},
  groups = {Thesis},
  timestamp = {2025-06-27T14:24:57Z}
}

@article{Einstein1905,
  title = {Über Einen Die {{Erzeugung}} Und {{Verwandlung}} Des {{Lichtes}} Betreffenden Heuristischen {{Gesichtspunkt}}},
  author = {Einstein, Albert},
  date = {1905},
  publisher = {Albert Einstein-Gesellschaft},
  groups = {Paper},
  timestamp = {2025-06-27T14:24:57Z},
  file = {Über%20einem%20die%20Erzeugung%20und%20Verwandlung%20des%20Lichtes%20betreffenden%20heuristischen%20Gesichtspunkt.pdf?sequence=1&origin=publication_detail:/Users/lucashirschfeld/Zotero/storage/LUIIX8N4/Über einem die Erzeugung und Verwandlung des Lichtes betreffenden heuristischen Gesichtspunkt.pdf:application/pdf}
}

@article{Fairley2021,
  title = {Systematic and Collaborative Approach to Problem Solving Using {{X-ray}} Photoelectron Spectroscopy},
  author = {Fairley, Neal and Fernandez, Vincent and Richard‐Plouet, Mireille and Guillot-Deudon, Catherine and Walton, John and Smith, Emily and Flahaut, Delphine and Greiner, Mark and Biesinger, Mark and Tougaard, Sven and Morgan, David and Baltrusaitis, Jonas},
  date = {2021-09},
  journaltitle = {Applied Surface Science Advances},
  shortjournal = {Applied Surface Science Advances},
  volume = {5},
  pages = {100112},
  issn = {26665239},
  doi = {10.1016/j.apsadv.2021.100112},
  abstract = {The methodology presented within this work is a result of years of interactions between many junior and senior X-ray Photoelectron Spectroscopy (XPS) users operating within the CasaXPS spectral processing and interpretation program framework. In particular, discussions arising from a series of workshops have been a significant source for developing the overall XPS data processing concept and are the motivation for creating this work. These workshops organized by the Institut des Mat´eriaux Jean Rouxel (IMN), Nantes gather both experienced and novice users of XPS for a week of discourse in conceptual experiment design and the resulting data processing. However, the framework constructed and utilized within these workshops encouraged the dissemination of knowledge beyond XPS data analysis and emphasized the importance of a multi-disciplinary collaborative approach to surface analysis problem-solving. The material presented here embodies data treatment originating from data made available to the first CNRS Thematic Workshop presented at Roscoff 2013. The methodology described here has evolved over the subsequent workshops in 2016 and 2019 and currently represents the philosophy used in CasaXPS spectral data processing paradigm.},
  langid = {english},
  groups = {Paper},
  timestamp = {2025-06-26T15:36:21Z},
  file = {PDF:/Users/lucashirschfeld/Zotero/storage/NDFUZQ5U/Fairley et al. - 2021 - Systematic and collaborative approach to problem solving using X-ray photoelectron spectroscopy.pdf:application/pdf}
}

@thesis{Fiedler2014,
  title = {New Binary Ordered Monolayers of Sulphur Containing Donor Molecules and Tetracyano Naphto Quinodimethane},
  author = {Fiedler, Benjamin},
  date = {2014},
  institution = {Rheinische Friedrich-Wilhelms-Universität Bonn},
  location = {Bonn},
  groups = {Thesis},
  timestamp = {2025-06-28T17:05:46Z},
  file = {PDF:/Users/lucashirschfeld/Zotero/storage/GCGXUNXZ/Dissertation_Fiedler.pdf:application/pdf}
}

@online{forBiotechnologyInformation2025,
  title = {{{PubChem}} Compound Summary for {{CID}} 13976, Cinquasia Red},
  author = {family=Biotechnology Information, given=National Center, prefix=for, useprefix=true},
  date = {2025-06},
  url = {https://pubchem.ncbi.nlm.nih.gov/compound/Cinquasia-Red},
  groups = {Internet},
  timestamp = {2025-06-27T14:24:57Z}
}

@thesis{Forker2010,
  title = {Electronic Coupling Effects and Charge Transfer between Organic Molecules and Metal Surfaces},
  author = {Forker, Roman},
  date = {2010},
  institution = {Technische Universität Dresden},
  location = {Dresden},
  langid = {ngerman},
  groups = {Thesis},
  timestamp = {2025-06-26T15:26:42Z},
  file = {PDF:/Users/lucashirschfeld/Zotero/storage/YY7ZCXY8/Forker - Electronic Coupling Effects and Charge Transfer between Organic Molecules and Metal Surfaces.pdf:application/pdf}
}

@article{Glowacki2013,
  title = {Hydrogen-{{Bonded Semiconducting Pigments}} for {{Air-Stable Field-Effect Transistors}}},
  author = {Głowacki, Eric Daniel and Irimia-Vladu, Mihai and Kaltenbrunner, Martin and Gsiorowski, Jacek and White, Matthew S. and Monkowius, Uwe and Romanazzi, Giuseppe and Suranna, Gian Paolo and Mastrorilli, Piero and Sekitani, Tsuyoshi and Bauer, Siegfried and Someya, Takao and Torsi, Luisa and Sariciftci, Niyazi Serdar},
  date = {2013},
  journaltitle = {Advanced Materials},
  volume = {25},
  number = {11},
  pages = {1563--1569},
  issn = {1521-4095},
  doi = {10.1002/adma.201204039},
  abstract = {Extensive intramolecular π-conjugation is considered to be requisite in the design of organic semiconductors. Here, two inkjet pigments, epindolidione and quinacridone, that break this design rule are explored. These molecules afford intermolecular π-stacking reinforced by hydrogen-bonding bridges. Air-stable organic field effect transistors are reported that support mobilities up to 1.5 cm2/Vs with T80 lifetimes comparable with the most stable reported organic semiconducting materials.},
  keywords = {field-effect transistors,organic electronics,organic pigments},
  groups = {Paper},
  timestamp = {2025-06-26T14:50:24Z},
  file = {Full Text PDF:/Users/lucashirschfeld/Zotero/storage/Q5PVGD3P/Głowacki et al. - 2013 - Hydrogen-Bonded Semiconducting Pigments for Air-Stable Field-Effect Transistors.pdf:application/pdf;Snapshot:/Users/lucashirschfeld/Zotero/storage/Y5RY2S22/adma.html:text/html}
}

@article{Green2010,
  title = {Research: {{Short}} Communication: {{Accelerated}} Publication},
  author = {Green, M. A. and Emery, K. and Hishikawa, Y. and Warta, W.},
  date = {2010},
  journaltitle = {Progress in Photovoltaics: Research and Applications},
  volume = {19},
  number = {1},
  pages = {84--92},
  groups = {Paper},
  timestamp = {2025-06-27T14:24:57Z}
}

@thesis{Hauschild2007,
  title = {The {{Adsorption Geometry}} of {{PTCDA}} on {{Ag}}(111) - an {{NIXSW Study}}},
  author = {Hauschild, Annegret},
  date = {2007-08},
  institution = {Rheinische Friedrich-Wilhelms-Universität Bonn},
  location = {Bonn},
  pagetotal = {194},
  groups = {Thesis},
  timestamp = {2025-06-28T17:07:38Z},
  file = {PDF:/Users/lucashirschfeld/Zotero/storage/4X9P6F72/Doktorarbeit - Annegret Hauschild 2007.pdf:application/pdf}
}

@book{Henzler1991,
  title = {Oberflächenphysik Des {{Festkörpers}}},
  author = {Henzler, Martin and Göpel, Wolfgang},
  date = {1991},
  series = {Teubner {{Studienbücher Physik}} ({{TSBP}})},
  edition = {2},
  publisher = {Vieweg+Teubner Verlag Wiesbaden},
  pagetotal = {641},
  groups = {Books},
  timestamp = {2025-06-25T20:12:42Z}
}

@article{Hertz1887,
  title = {Ueber einen Einfluss des ultravioletten Lichtes auf die electrische Entladung},
  author = {Hertz, H.},
  date = {1887-01},
  journaltitle = {Annalen der Physik},
  shortjournal = {Annalen der Physik},
  volume = {267},
  number = {8},
  pages = {983--1000},
  issn = {0003-3804, 1521-3889},
  doi = {10.1002/andp.18872670827},
  langid = {ngerman},
  groups = {Paper},
  timestamp = {2025-06-26T15:42:41Z},
  file = {PDF:/Users/lucashirschfeld/Zotero/storage/7Q8JX6PI/Hertz - 1887 - Ueber einen Einfluss des ultravioletten Lichtes auf die electrische Entladung.pdf:application/pdf}
}

@article{Humberg2020,
  title = {Hydrogen-{{Bonded One-Dimensional Chains}} of {{Quinacridone}} on {{Ag}}(100) and {{Cu}}(111): {{The Role}} of {{Chirality}} and {{Surface Bonding}}},
  shorttitle = {Hydrogen-{{Bonded One-Dimensional Chains}} of {{Quinacridone}} on {{Ag}}(100) and {{Cu}}(111)},
  author = {Humberg, Niklas and Bretel, Rémi and Eslam, Alexander and Le Moal, Eric and Sokolowski, Moritz},
  date = {2020-11-12},
  journaltitle = {The Journal of Physical Chemistry C},
  shortjournal = {J. Phys. Chem. C},
  volume = {124},
  number = {45},
  pages = {24861--24873},
  publisher = {American Chemical Society},
  issn = {1932-7447},
  doi = {10.1021/acs.jpcc.0c07850},
  abstract = {The adsorption and ordering of the prochiral molecule quinacridone (QA) on the Ag(100) and Cu(111) surfaces were studied by low-energy electron diffraction and scanning tunneling microscopy. Upon adsorption, the molecules form parallel homochiral chains of flat-lying molecules linked together via hydrogen bonds on both surfaces, but these chains show significant surface-dependent differences concerning their lateral order. On both substrates, the chains are not thermodynamically stable but only metastable and stabilized by kinetic barriers. On the Ag(100) surface, annealing induces a phase transition to a highly ordered and heterochiral structure with a reduced density of hydrogen bonds. The related loss of bonding energy is overcompensated by a stronger bonding to the substrate, yielding a commensurate structure. For QA on Ag(100), we propose that during the initial chain formation and the phase transition upon annealing, the molecules can change their handedness by rotating around their long axes. In contrast, the initial chain formation and the phase transitions of QA on the Cu(111) surface appear to be subject to stronger kinetic limitations. These are explained by stronger substrate molecule interactions on Cu(111), which reduce the diffusion and the possibility for a change of handedness in comparison to QA on Ag(100). We discuss how the intermolecular hydrogen bonds, the 2D chirality, and the different chemical reactivities of the two surfaces [Ag(100) and Cu(111)] influence the structural formation of QA aggregates. We compare our results to the results for QA on Ag(111) reported previously by Wagner et al. [JPCC 2014, 118, 10911-10920].},
  groups = {Paper},
  timestamp = {2025-06-27T08:10:40Z},
  file = {Full Text PDF:/Users/lucashirschfeld/Zotero/storage/3BS3LL5I/Humberg et al. - 2020 - Hydrogen-Bonded One-Dimensional Chains of Quinacridone on Ag(100) and Cu(111) The Role of Chirality.pdf:application/pdf}
}

@article{Humberg2023,
  title = {Growth of {{Hydrogen-Bonded Molecular Aggregates}} on a {{Thin Alkali Halide Layer}}: {{Quinacridone}} on {{KCl}}/{{Ag}}(100)},
  shorttitle = {Growth of {{Hydrogen-Bonded Molecular Aggregates}} on a {{Thin Alkali Halide Layer}}},
  author = {Humberg, Niklas and Guo, Qinmin and Bredow, Thomas and Sokolowski, Moritz},
  date = {2023-12-14},
  journaltitle = {The Journal of Physical Chemistry C},
  shortjournal = {J. Phys. Chem. C},
  volume = {127},
  number = {49},
  pages = {23814--23826},
  issn = {1932-7447, 1932-7455},
  doi = {10.1021/acs.jpcc.3c04402},
  langid = {english},
  groups = {Paper},
  timestamp = {2025-06-27T08:10:17Z},
  file = {Full Text PDF:/Users/lucashirschfeld/Zotero/storage/WRK79L2F/Humberg et al. - 2023 - Growth of Hydrogen-Bonded Molecular Aggregates on a Thin Alkali Halide Layer Quinacridone on KClAg.pdf:application/pdf}
}

@article{Humberg2024,
  title = {Correction to “{{Hydrogen-Bonded One-Dimensional Chains}} of {{Quinacridone}} on {{Ag}}(100) and {{Cu}}(111): {{The Role}} of {{Chirality}} and {{Surface Bonding}}”},
  shorttitle = {Correction to “{{Hydrogen-Bonded One-Dimensional Chains}} of {{Quinacridone}} on {{Ag}}(100) and {{Cu}}(111)},
  author = {Humberg, Niklas and Bretel, Rémi and Eslam, Alexander and Le Moal, Eric and Sokolowski, Moritz},
  date = {2024-09-05},
  journaltitle = {The Journal of Physical Chemistry C},
  shortjournal = {J. Phys. Chem. C},
  volume = {128},
  number = {35},
  pages = {14860--14860},
  publisher = {American Chemical Society},
  issn = {1932-7447},
  doi = {10.1021/acs.jpcc.4c05122},
  groups = {Paper},
  timestamp = {2025-06-27T08:11:18Z},
  file = {Full Text PDF:/Users/lucashirschfeld/Zotero/storage/K3BBLV2H/Humberg et al. - 2024 - Correction to “Hydrogen-Bonded One-Dimensional Chains of Quinacridone on Ag(100) and Cu(111) The Ro.pdf:application/pdf}
}

@article{Humberg2024a,
  title = {Directed Growth of Quinacridone Chains on the Vicinal {{Ag}}(35 1 1) Surface},
  author = {Humberg, Niklas and Grönwoldt, Lukas and Sokolowski, Moritz},
  date = {2024-05-21},
  journaltitle = {Beilstein Journal of Nanotechnology},
  shortjournal = {Beilstein J. Nanotechnol.},
  volume = {15},
  number = {1},
  pages = {556--568},
  publisher = {Beilstein-Institut},
  issn = {2190-4286},
  doi = {10.3762/bjnano.15.48},
  abstract = {Beilstein Journal of Nanotechnology},
  langid = {english},
  groups = {Paper},
  timestamp = {2025-06-27T08:11:38Z},
  file = {Full Text PDF:/Users/lucashirschfeld/Zotero/storage/5Q6KGJAL/Humberg et al. - 2024 - Directed growth of quinacridone chains on the vicinal Ag(35 1 1) surface.pdf:application/pdf}
}

@thesis{Humberg2024b,
  title = {One-Dimensional Aggregates of the Organic Dye Quinacridone on Metallic and Dielectric Surfaces},
  author = {Humberg, Hans Niklas},
  date = {2024},
  institution = {Rheinische Friedrich-Wilhelms-Universität Bonn},
  groups = {Quinacridone,Thesis},
  timestamp = {2025-06-27T14:24:57Z},
  file = {PDF:/Users/lucashirschfeld/Zotero/storage/R53587SZ/Humberg - 2024 - One-dimensional aggregates of the organic dye quinacridone on metallic and dielectric surfaces.pdf:application/pdf}
}

@thesis{IordanovKossev2007,
  title = {Rastertunnelmikroskopische Untersuchungen zur  Selbstorganisation und molekularen Erkennung von  Tetralactam-Makrocyclen auf Oberflächen},
  author = {Iordanov Kossev, Iordan},
  date = {2007},
  institution = {Rheinische Friedrich-Wilhelms-Universität Bonn},
  location = {Bonn},
  langid = {ngerman},
  groups = {Thesis},
  timestamp = {2025-06-26T15:14:53Z},
  file = {PDF:/Users/lucashirschfeld/Zotero/storage/CLZ8749Y/Sokolowski und Wandelt - Angefertigt mit Genehmigung der Mathematisch-Naturwissenschaftlichen Fakul- tät der Rheinischen Frie.pdf:application/pdf}
}

@article{Jeon2018,
  title = {Quinacridone-Quinoxaline-Based Copolymer for Organic Field-Effect Transistors and Its High-Voltage Logic Circuit Operations},
  author = {Jeon, Jongwook and Jhon, Heesauk and Kang, Myounggon and Song, Ho Jun and An, Tae Kyu},
  date = {2018-05},
  journaltitle = {Organic Electronics},
  shortjournal = {Organic Electronics},
  volume = {56},
  pages = {1--4},
  issn = {15661199},
  doi = {10.1016/j.orgel.2018.01.019},
  abstract = {Poly(quinacridone-quinoxaline) (PQCQx) was synthesized to investigate the potential of quinacridone derivatives as organic semiconductors in organic field-effect transistors (OFETs) and circuits. The device showed a field-effect mobility value of 1.4 × 10−3 cm2/(Vs) at optimal conditions. The morphologies of the deposited films were characterized by performing X-ray diffraction and atomic force microscopy. And, to confirm the feasibility of using PQCQx OFETs in a high-voltage logic circuit operation, a compact model library to describe the electrical behaviors of PQCQx OFETs was developed. By implementing the developed compact model library into a circuit simulator, we successfully evaluated the high-voltage-logic operation of a p-type organic inverter with a frequency of 45.5 kHz in an 80 V supply condition.},
  langid = {english},
  groups = {Paper},
  timestamp = {2025-06-26T15:30:23Z},
  file = {PDF:/Users/lucashirschfeld/Zotero/storage/QKQEEJ6A/Jeon et al. - 2018 - Quinacridone-quinoxaline-based copolymer for organic field-effect transistors and its high-voltage l.pdf:application/pdf}
}

@article{Jeong2017,
  title = {Development of {{Organic Semiconductors Based}} on {{Quinacridone Derivatives}} for {{Organic Field-Effect Transistors}}: {{High-Voltage Logic Circuit Applications}}},
  shorttitle = {Development of {{Organic Semiconductors Based}} on {{Quinacridone Derivatives}} for {{Organic Field-Effect Transistors}}},
  author = {Jeong, Yong Jin and Jeon, Jongwook and Lee, Sangkug and Kang, Myounggon and Jhon, Heesauk and Song, Ho Jun and Park, Chan Eon and An, Tae Kyu},
  date = {2017-05},
  journaltitle = {IEEE Journal of the Electron Devices Society},
  volume = {5},
  number = {3},
  pages = {209--213},
  issn = {2168-6734},
  doi = {10.1109/JEDS.2017.2665638},
  abstract = {Poly[quinacridone-alt-quaterthiophene] (PQCQT) was synthesized, using a Suzuki coupling reaction, to investigate the potential of quinacridone derivatives as organic semiconductors in organic fieldeffect transistors (OFETs) and circuits. A PQCQT film annealed at 150 °C yielded quite high field-effect performances, including a hole mobility of 2.0 × 10-2 cm2/(Vs). In addition, to confirm the feasibility of using PQCQT in high-voltage circuit applications, electrical behaviors of PQCQT-based OFETs were described by extracting the model parameters of the industry standard compact Berkeley short-channel IGFET model. From the developed OFET model parameter set, we successfully evaluated the circuit operation of a p-type organic inverter with a frequency of 45.5 kHz in an 80 V supply condition.},
  keywords = {Annealing,field-effect transistors,Films,high-voltage logic circuit,Integrated circuit modeling,OFETs,Organic semiconductor,Organic semiconductors,Plastics,short-channel IGFET model (BSIM),X-ray scattering},
  groups = {Paper},
  timestamp = {2025-06-26T14:42:02Z},
  file = {Full Text PDF:/Users/lucashirschfeld/Zotero/storage/WMEMNPM7/Jeong et al. - 2017 - Development of Organic Semiconductors Based on Quinacridone Derivatives for Organic Field-Effect Tra.pdf:application/pdf}
}

@article{Kanbur2019,
  title = {High Temperature-Stability of Organic Thin-Film Transistors Based on Quinacridone Pigments},
  author = {Kanbur, Yasin and Coskun, Halime and Głowacki, Eric Daniel and Irimia-Vladu, Mihai and Sariciftci, Niyazi Serdar and Yumusak, Cigdem},
  date = {2019-03},
  journaltitle = {Organic Electronics},
  shortjournal = {Organic Electronics},
  volume = {66},
  pages = {53--57},
  issn = {15661199},
  doi = {10.1016/j.orgel.2018.12.004},
  abstract = {Robust organic thin-film transistors (OTFTs) with high temperature stability allow device integration with mass production methods like thermoforming and injection molding, and enable operation in extreme environment applications. Herein we elaborate a series of materials to make suitable gate dielectric and active semiconductor layers for high temperature stable OTFTs. We employ an anodized aluminum oxide layer passivated with crosslinked low-density polyethylene (LD-PE) to form a temperature-stable gate capacitor. As the semiconductor, we use quinacridone, an industrial organic colorant pigment produced on a mass scale. Evaporated MoOx/Ag source and drain electrodes complete the devices. Here we evaluate the performance of the OTFTs heating them in air from 100 °C in 25 °C increments up to 225 °C, holding each temperature for a period of 30 minutes. We find large differences in stability between quinacridone and its dimethylated derivative, with the former showing the best performance with only a factor of 2 decline in mobility after heating at 225 °C, and unaffected on/off ratio and threshold voltage. The approach presented here shows how industriallys calable fabrication of thermally robust OTFTs can be rationalized.},
  langid = {english},
  groups = {Paper},
  timestamp = {2025-06-26T14:43:11Z},
  file = {PDF:/Users/lucashirschfeld/Zotero/storage/LVM8I6VU/Kanbur et al. - 2019 - High temperature-stability of organic thin-film transistors based on quinacridone pigments.pdf:application/pdf}
}

@article{Kang1990,
  title = {{{XPS}} Studies of Charge-Transfer Interactions in Some Pyridine: Organic-Acceptor Complexes},
  shorttitle = {{{XPS}} Studies of Charge-Transfer Interactions in Some Pyridine},
  author = {Kang, E.T. and Neoh, K.G. and Tan, K.L.},
  date = {1990-08-20},
  journaltitle = {Molecular Physics},
  shortjournal = {Molecular Physics},
  volume = {70},
  number = {6},
  pages = {1057--1064},
  issn = {0026-8976, 1362-3028},
  doi = {10.1080/00268979000101521},
  langid = {english},
  groups = {Paper},
  timestamp = {2025-06-26T15:43:21Z},
  file = {Full Text PDF:/Users/lucashirschfeld/Zotero/storage/BHUETI72/Kang et al. - 1990 - XPS studies of charge-transfer interactions in some pyridine organic-acceptor complexes.pdf:application/pdf}
}

@thesis{Kilian2002,
  title = {Adsorption, Struktur und Morphologie hochgeordneter organischer Adsorbatschichten},
  author = {Kilian, Lennart},
  date = {2002},
  institution = {Bayerische Julius-Maximilians-Universität  Würzburg},
  location = {Würzburg},
  langid = {ngerman},
  groups = {Thesis},
  timestamp = {2025-06-26T15:13:37Z},
  file = {PDF:/Users/lucashirschfeld/Zotero/storage/FK2WB6YH/Umbach und Geurts - Eingereicht bei der Fakultät für Physik und Astronomie am 15.3.2002.pdf:application/pdf}
}

@thesis{Kny2025,
  title = {Adsorption and Ordering of Merocyanines on the Ag(100) Surface},
  author = {Kny, Anna Juliana},
  date = {2025},
  institution = {Rheinische Friedrich-Wilhelms-Universität Bonn},
  groups = {Thesis},
  timestamp = {2025-06-27T14:24:57Z},
  file = {PDF:/Users/lucashirschfeld/Zotero/storage/GCB2KHUU/Kny - 2025 - Adsorption and ordering of merocyanines on the ag(100) surface.pdf:application/pdf}
}

@book{Kolasinski2012,
  title = {Surface Science: {{Foundations}} of Catalysis and Nanoscience},
  author = {Kolasinski, K.},
  date = {2012},
  publisher = {{John Wiley and Sons, Ltd}},
  groups = {Books},
  timestamp = {2025-06-27T14:24:57Z},
  file = {PDF:/Users/lucashirschfeld/Zotero/storage/7C3FFQDM/Kolasinski - 2012 - Surface science Foundations of catalysis and nanoscience.pdf:application/pdf}
}

@article{Koopmans1934,
  title = {Über die Zuordnung von Wellenfunktionen und Eigenwerten zu den Einzelnen Elektronen Eines Atoms},
  author = {Koopmans, T},
  date = {1934-01},
  journaltitle = {Physica},
  shortjournal = {Physica},
  volume = {1},
  number = {1--6},
  pages = {104--113},
  issn = {00318914},
  doi = {10.1016/S0031-8914(34)90011-2},
  langid = {ngerman},
  groups = {Paper},
  timestamp = {2025-06-26T15:41:36Z},
  file = {PDF:/Users/lucashirschfeld/Zotero/storage/UHG2J6BE/Koopmans - 1934 - Über die Zuordnung von Wellenfunktionen und Eigenwerten zu den Einzelnen Elektronen Eines Atoms.pdf:application/pdf}
}

@article{Labana1967,
  title = {Quinacridones},
  author = {Labana, S. S. and Labana, L. L.},
  date = {1967-02-01},
  journaltitle = {Chemical Reviews},
  shortjournal = {Chem. Rev.},
  volume = {67},
  number = {1},
  pages = {1--18},
  issn = {0009-2665, 1520-6890},
  doi = {10.1021/cr60245a001},
  langid = {english},
  groups = {Paper},
  timestamp = {2025-06-26T15:30:46Z},
  file = {Full Text PDF:/Users/lucashirschfeld/Zotero/storage/23F98QUX/Labana und Labana - 1967 - Quinacridones.pdf:application/pdf}
}

@thesis{Langner2005,
  title = {Wachstum und optische Anregung in  dünnen Tetracenfilmen auf einkristallinen Oberflächen},
  author = {Langner, Andreas Peter},
  date = {2005},
  institution = {Rheinische Friedrich-Wilhelms-Universität Bonn},
  location = {Bonn},
  langid = {ngerman},
  groups = {Thesis},
  timestamp = {2025-06-28T17:08:02Z},
  file = {PDF:/Users/lucashirschfeld/Zotero/storage/6B92CRWV/Sokolowski und Wandelt - Angefertigt mit Genehmigung der Mathematisch-Naturwissenschaftlichen Fakultät der Rheinischen Friedr.pdf:application/pdf}
}

@online{MaTeckGmbH2023,
  title = {Silber \textsubscript{47}ag\textsuperscript{107.870}},
  author = {{MaTeck GmbH}},
  date = {2023-09-12},
  url = {https://mateck.com/de/content/48-silver-single-crystal-47ag107-870},
  langid = {ngerman},
  groups = {Internet},
  timestamp = {2025-06-27T14:24:57Z}
}

@article{Mendolicchio2019,
  title = {Theory Meets Experiment for Unravelling the {{C1s X-ray}} Photoelectron Spectra of Pyridine, 2-Fluoropyridine, and 2,6-Difluoropyridine},
  author = {Mendolicchio, Marco and Baiardi, Alberto and Fronzoni, Giovanna and Stener, Mauro and Grazioli, Cesare and De Simone, Monica and Barone, Vincenzo},
  date = {2019-09-28},
  journaltitle = {The Journal of Chemical Physics},
  volume = {151},
  number = {12},
  pages = {124105},
  issn = {0021-9606, 1089-7690},
  doi = {10.1063/1.5122310},
  abstract = {High resolution X-ray photoelectron spectra of a series of substituted pyridines (pyridine, 2-fluoropyridine, and 2,6-difluoropyridine) have been recorded and rationalized by means of a quantum mechanical approach based on the density functional theory including vibronic effects at the Franck-Condon level. The significant chemical shifts of the C1s binding energies induced by fluorine atoms are reproduced quantitatively by our computational model, as well as the vibrational fine structure and the band shapes. Nonsymmetric normal modes play an important role due to the core-hole localization in the presence of equivalent carbon atoms in pyridine and 2,6-difluoropyridine.},
  langid = {english},
  groups = {Paper},
  timestamp = {2025-06-26T15:41:22Z},
  file = {PDF:/Users/lucashirschfeld/Zotero/storage/JD3GJRH5/Mendolicchio et al. - 2019 - Theory meets experiment for unravelling the C1s X-ray photoelectron spectra of pyridine, 2-fluoropyr.pdf:application/pdf}
}

@article{Min2021,
  title = {Cis-{{Quinacridone-Based Delayed Fluorescence Emitters}}: {{Seemingly Old}} but {{Renewed Functional Luminogens}}},
  shorttitle = {Cis-{{Quinacridone-Based Delayed Fluorescence Emitters}}},
  author = {Min, Hyukgi and Park, In Seob and Yasuda, Takuma},
  date = {2021},
  journaltitle = {Angewandte Chemie},
  volume = {133},
  number = {14},
  pages = {7721--7726},
  issn = {1521-3757},
  doi = {10.1002/ange.202016914},
  abstract = {Herein, we report a material design of linear cis-quinacridone (cis-QA) derivatives as delayed fluorescence luminogens. In contrast to the widely studied traditional trans-isomers, the functionality of cis-QA and its derivatives remains unexplored and unclarified. Through combined computational and experimental investigations, we revealed that cis-QA derivatives can function as fascinating narrowband deep-blue delayed fluorescence emitters for organic light-emitting diodes (OLEDs). The best-performing deep-blue OLEDs incorporating these cis-QA luminogens achieved high external electroluminescence quantum efficiencies of up to 19.0 \% and high color purity with chromaticity coordinates of (0.13, 0.14).},
  langid = {english},
  keywords = {charge transfer,organic light-emitting diodes,quinacridones,spin-orbit coupling,thermally activated delayed fluorescence},
  groups = {Paper},
  timestamp = {2025-06-26T14:37:15Z},
  file = {Full Text PDF:/Users/lucashirschfeld/Zotero/storage/6M9W9KWR/Min et al. - 2021 - cis-Quinacridone-Based Delayed Fluorescence Emitters Seemingly Old but Renewed Functional Luminogen.pdf:application/pdf;Snapshot:/Users/lucashirschfeld/Zotero/storage/LH8X4A3X/ange.html:text/html}
}

@article{Mizuguchi,
  title = {Refinement of the Crystal Structure of 5,7,12,14-Tetrahydro[2,3-\textasciicircum ]-Quinoli- Noacridine (y-Form), {{C20H12N2O2}}, at 223 {{Κ}}},
  author = {Mizuguchi, J and Sasaki, T and Tojo, K},
  abstract = {C20H12N2O2, monoclinic, P\textbackslash 2\textbackslash lc\textbackslash{} (No. 14), a = 13.70(1) Â, b = 3.84(1) k,c= 13.35(2) Â,,β = 100.09(9)°, V= 691.5 Â3, Ζ = 2, ÄgtfF) = 0.073, wÄreffr ) = 0.213, Τ= 223 Κ.},
  langid = {english},
  groups = {Paper},
  timestamp = {2025-06-26T15:31:32Z},
  file = {PDF:/Users/lucashirschfeld/Zotero/storage/N3X83JXA/Mizuguchi et al. - Refinement of the crystal structure of 5,7,12,14-tetrahydro[2,3-^]-quinoli- noacridine (y-form), C20.pdf:application/pdf}
}

@book{Moeller2010,
  title = {Forschung mit Synchrotronstrahlung: Eine Einführung in die Grundlagen und Anwendungen},
  shorttitle = {Forschung mit Synchrotronstrahlung},
  editor = {Möller, Thomas and Falta, Jens},
  date = {2010},
  edition = {1st ed. 2010},
  publisher = {Vieweg+Teubner Verlag},
  location = {Wiesbaden},
  doi = {10.1007/978-3-8348-9792-3},
  isbn = {978-3-519-00357-1 978-3-8348-9792-3},
  langid = {ngerman},
  pagetotal = {1},
  groups = {Books},
  timestamp = {2025-06-26T15:06:19Z},
  file = {PDF:/Users/lucashirschfeld/Zotero/storage/KAKPCXJI/Möller und Falta - 2010 - Forschung mit Synchrotronstrahlung Eine Einführung in die Grundlagen und Anwendungen.pdf:application/pdf}
}

@book{Moulder1993,
  title = {Handbook of X-Ray Photoelectron Spectroscopy},
  author = {Moulder, John F. and Stickle, William F. and Sobol, Peter E. and Bomben, Kenneth D.},
  editor = {Chastain, Jill},
  date = {1993},
  publisher = {Perkin-Elmer Corporation},
  groups = {Books},
  timestamp = {2025-06-27T14:24:57Z},
  file = {MANXPS:/Users/lucashirschfeld/Zotero/storage/J9SQHZX2/MANXPS.pdf:application/pdf}
}

@article{Muller1994,
  title = {Glossary of Terms Used in Physical Organic Chemistry ({{IUPAC Recommendations}} 1994)},
  author = {Muller, P.},
  date = {1994-01-01},
  journaltitle = {Pure and Applied Chemistry},
  volume = {66},
  number = {5},
  pages = {1077--1184},
  publisher = {De Gruyter},
  issn = {1365-3075},
  doi = {10.1351/pac199466051077},
  abstract = {Der Artikel Glossary of terms used in physical organic chemistry (IUPAC Recommendations 1994) wurde am 1. Januar 1994 in der Zeitschrift Pure and Applied Chemistry (Band 66, Heft 5) veröffentlicht.},
  langid = {english},
  groups = {Paper},
  timestamp = {2025-06-27T07:57:06Z},
  file = {Full Text PDF:/Users/lucashirschfeld/Zotero/storage/WV4SBZXK/Muller - 1994 - Glossary of terms used in physical organic chemistry (IUPAC Recommendations 1994).pdf:application/pdf}
}

@book{Muller2006,
  title = {Anorganische Strukturchemie},
  author = {Müller, U.},
  date = {2006},
  edition = {5},
  publisher = {Vieweg+Teubner Verlag},
  groups = {Books},
  timestamp = {2025-06-27T14:24:57Z}
}

@thesis{Muller2011,
  title = {Optische {{Spektroskopie}} von {{PTCDA}}  Auf {{Alkalihalogenidoberflächen}}: Vereinzelte {{Moleküle}} Und {{Monolagen}}},
  author = {Müller, Matthias},
  date = {2011-11},
  institution = {Rheinische Friedrich-Wilhelms-Universität Bonn},
  location = {Bonn},
  groups = {Thesis},
  timestamp = {2025-06-28T17:06:04Z},
  file = {PDF:/Users/lucashirschfeld/Zotero/storage/X67WXAY9/DissertationMathiasMüller_geringereAuflösung.pdf:application/pdf}
}

@thesis{Paulheim2017,
  title = {Fluoreszenzspektroskopie an {{PTCDA-Molekülen}} Auf  {{Alkalihalogenidoberflächen}}: {{Die Rolle}} von {{Oberflächenstufen}}},
  author = {Paulheim, Alexander},
  date = {2017},
  institution = {Rheinische Friedrich-Wilhelms-Universität Bonn},
  location = {Bonn},
  groups = {Thesis},
  timestamp = {2025-06-28T17:05:09Z},
  file = {PDF:/Users/lucashirschfeld/Zotero/storage/C5NYZ2PX/Dissertation Paulheim Print.pdf:application/pdf}
}

@article{Paulus2007,
  title = {Crystal Structures of Quinacridones},
  author = {Paulus, Erich F. and Leusen, Frank J. and Schmidt, Martin U.},
  date = {2007},
  journaltitle = {CrystEngComm},
  volume = {9},
  number = {2},
  pages = {131--143},
  publisher = {Royal Society of Chemistry},
  doi = {10.1039/B613059C},
  langid = {english},
  groups = {Paper},
  timestamp = {2025-06-27T14:25:27Z},
  file = {Full Text PDF:/Users/lucashirschfeld/Zotero/storage/2RRUSRFC/F. Paulus et al. - 2007 - Crystal structures of quinacridones.pdf:application/pdf}
}

@book{Rocca2020,
  title = {Springer {{Handbook}} of {{Surface Science}}},
  editor = {Rocca, Mario and Rahman, Talat S. and Vattuone, Luca},
  date = {2020},
  series = {Springer {{Handbooks}}},
  publisher = {Springer International Publishing},
  location = {Cham},
  doi = {10.1007/978-3-030-46906-1},
  isbn = {978-3-030-46904-7 978-3-030-46906-1},
  langid = {english},
  groups = {Books},
  timestamp = {2025-06-26T15:06:22Z},
  file = {PDF:/Users/lucashirschfeld/Zotero/storage/96TCXL5A/Rocca et al. - 2020 - Springer Handbook of Surface Science.pdf:application/pdf}
}

@article{Ruano2021,
  title = {Deprotonation of the Amine Group of {{Glyphosate}} Studied by {{XPS}} and {{DFT}}},
  author = {Ruano, G. and Pedano, M.L. and Albornoz, M. and Fuhr, J.D. and Martiarena, M.L. and Zampieri, G.},
  date = {2021-11},
  journaltitle = {Applied Surface Science},
  shortjournal = {Applied Surface Science},
  volume = {567},
  pages = {150753},
  issn = {01694332},
  doi = {10.1016/j.apsusc.2021.150753},
  abstract = {Glyphosate (N-(phosphonomethyl)glycine, C3H8NO5P) in aqueous solutions undergoes three deprotonation reactions generally assigned to the carboxylate oxygen (pKa1 \textasciitilde{} 2.2), the phosphonate oxygen (pKa2 \textasciitilde{} 5.5), and the amine group (pKa3 \textasciitilde{} 10.2). A couple of recent studies (J. Phys. Chem. A 2015, 119, 5241–5249 and J. Phys. Chem. B 2016, 120, 2132–2137), however, have put forward a new sequence in which the amine group deprotonates before the phosphonate oxygen. In this study we present experimental and theoretical data with the aim of resolving the controversy over the order of the last two deprotonations. On the experimental side, we analysed the evolution of the N1s photoemission spectrum with the pH of the aqueous solution, finding conclusive evidence that the last deprotonation occurs at the amine group. On the theoretical side, we compared the stabilities of several configurations for each glyphosate moiety, finding again that the last group that undergoes deprotonation is the amine group.},
  langid = {english},
  groups = {Paper},
  timestamp = {2025-06-26T14:41:10Z},
  file = {PDF:/Users/lucashirschfeld/Zotero/storage/NZZP7ILV/Ruano et al. - 2021 - Deprotonation of the amine group of Glyphosate studied by XPS and DFT.pdf:application/pdf}
}

@thesis{Sachs,
  title = {Organische Halbleiter: Fundamentale Aspekte von Metallkontakten, hochgeordneten Schichten und deren Anwendung in Feldeffekttransistoren},
  author = {Sachs, Sönke},
  institution = {Julius–Maximilians Universität Würzburg},
  location = {Würzburg},
  langid = {ngerman},
  groups = {Thesis},
  timestamp = {2025-06-26T15:20:02Z},
  file = {PDF:/Users/lucashirschfeld/Zotero/storage/8TVTQPFR/Sachs - Organische Halbleiter Fundamentale Aspekte von Metallkontakten, hochgeordneten Schichten und deren.pdf:application/pdf}
}

@article{Sung2017,
  title = {Effect of Conjugated {{2D-side}} Groups on Quinacridone-Based Copolymers to Adjust Deep {{HOMO}} Level for Photovoltaics},
  author = {Sung, Hyun Ah and Kim, Doo Hun and Lee, Tae Ho and Choi, Min Hee and Lee, Eui Jin and Moon, Doo Kyung},
  date = {2017-02},
  journaltitle = {Journal of Industrial and Engineering Chemistry},
  shortjournal = {Journal of Industrial and Engineering Chemistry},
  volume = {46},
  pages = {304--314},
  issn = {1226086X},
  doi = {10.1016/j.jiec.2016.10.044},
  abstract = {Different conjugated 2D-side groups were introduced to polymerize four types of two-dimensional polymers, PQCT-m8Qx, PQCT-mEHQx, PQCT-BT and PQCT-DPP, through a Suzuki coupling reaction. In comparison with the linear polymer which used the same backbone, the two-dimensional (2D) conjugated side chain polymer exhibits the delocalization of its electron clouds due to the extension of the side chain. So, all four polymers showed a low HOMO level, thus showing high VOC. Among the four, the HOMO level of PQCT-BT was the lowest, by 5.63 eV. When manufacturing a device, VOC was 0.92 V, which is the highest.},
  langid = {english},
  groups = {Paper},
  timestamp = {2025-06-26T14:42:44Z},
  file = {PDF:/Users/lucashirschfeld/Zotero/storage/4ZCQJ2CS/Sung et al. - 2017 - Effect of conjugated 2D-side groups on quinacridone-based copolymers to adjust deep HOMO level for p.pdf:application/pdf}
}

@online{TheInternationalUnionforVacuumScienceTechniqueandApplications2023,
  title = {Surface Science},
  author = {{The International Union for Vacuum Science, Technique, and Applications}},
  namea = {{The International Union for Vacuum Science, Technique, and Applications}},
  nameatype = {collaborator},
  date = {2023-09},
  groups = {Internet},
  timestamp = {2025-06-27T14:24:57Z}
}

@article{Trixler2007,
  title = {Supramolecular {{Self-Assembly Initiated}} by {{Solid}}–{{Solid Wetting}}},
  author = {Trixler, Frank and Markert, Thomas and Lackinger, Markus and Jamitzky, Ferdinand and Heckl, Wolfgang M.},
  date = {2007},
  journaltitle = {Chemistry – A European Journal},
  volume = {13},
  number = {27},
  pages = {7785--7790},
  issn = {1521-3765},
  doi = {10.1002/chem.200700529},
  abstract = {We present a preparation method for self-assembled supra-molecular monolayers of unsubstituted organic semiconductors and pigments on a solid substrate, applicable under ambient conditions. The deposition is based on a solid–solid wetting phenomenon, whereas the subsequent layer growth proceeds according to standard models. Molecular adsorption results from direct contact of the compound in a nanocrystalline state with the solid surface. Based on complementary force field calculations, we propose that molecules disintegrate from the crystalline state and adsorb on the surface because of a gain in binding energy. The preparation method is exemplified by means of a linear hydrogen-bonded system, namely quinacridone (QAC) on graphite. In addition, the chosen system allows us to actively guide the self-assembly after deliberate removal of molecules from a predefined area.},
  langid = {english},
  keywords = {adsorption,nanostructures,scanning probe microscopy,self-assembly,semiconductors},
  groups = {Paper},
  timestamp = {2025-06-26T15:35:51Z},
  file = {Full Text PDF:/Users/lucashirschfeld/Zotero/storage/7FDJ776F/Trixler et al. - 2007 - Supramolecular Self-Assembly Initiated by Solid–Solid Wetting.pdf:application/pdf;Snapshot:/Users/lucashirschfeld/Zotero/storage/FHVXQSLU/chem.html:text/html}
}

@online{UKResearchandInnovation2023,
  title = {Surface Science},
  author = {{UK Research and Innovation}},
  namea = {{UK Research and Innovation}},
  nameatype = {collaborator},
  date = {2023-09},
  url = {https://www.ukri.org/what-we-do/our-main-funds-and-areas-of-support/browse-our-areas-of-investment-and-support/surface-science/},
  groups = {Internet},
  timestamp = {2025-06-27T14:24:57Z}
}

@thesis{Voigt2006,
  title = {Pentacen-{{Feldeffekttransistoren}} Auf {{Basis HF-Magnetron}}  Gesputterter {{Aluminiumoxid-Schichten}}: {{Präparation}}, {{Struktur}} Und Elektrische {{Eigenschaften}}},
  author = {Voigt, Michael Volker},
  date = {2006},
  institution = {Rheinische Friedrich-Wilhelms-Universität Bonn},
  location = {Bonn},
  groups = {Thesis},
  timestamp = {2025-06-28T17:06:18Z},
  file = {PDF:/Users/lucashirschfeld/Zotero/storage/PKDUDU2Q/Dissertation Michael Voigt online 2007 neu2.pdf:application/pdf}
}

@article{Wagner2014,
  title = {Quinacridone on {{Ag}}(111): {{Hydrogen Bonding}} versus {{Chirality}}},
  shorttitle = {Quinacridone on {{Ag}}(111)},
  author = {Wagner, Thorsten and Györök, Michael and Huber, Daniel and Zeppenfeld, Peter and Głowacki, Eric Daniel},
  date = {2014-05-22},
  journaltitle = {The Journal of Physical Chemistry C},
  shortjournal = {J. Phys. Chem. C},
  volume = {118},
  number = {20},
  pages = {10911--10920},
  issn = {1932-7447, 1932-7455},
  doi = {10.1021/jp502148x},
  langid = {english},
  groups = {Paper},
  timestamp = {2025-06-26T15:28:54Z},
  file = {Full Text PDF:/Users/lucashirschfeld/Zotero/storage/ZE6JW8TZ/Wagner et al. - 2014 - Quinacridone on Ag(111) Hydrogen Bonding versus Chirality.pdf:application/pdf}
}

@article{Wang2016,
  title = {A Diphenylamino-Substituted Quinacridone Derivative: Red Fluorescence Based on Intramolecular Charge-Transfer Transition},
  shorttitle = {A Diphenylamino-Substituted Quinacridone Derivative},
  author = {Wang, Chenguang and Wang, Shipan and Chen, Weiping and Zhang, Zuolun and Zhang, Hongyu and Wang, Yue},
  date = {2016},
  journaltitle = {RSC Advances},
  shortjournal = {RSC Adv.},
  volume = {6},
  number = {23},
  pages = {19308--19313},
  issn = {2046-2069},
  doi = {10.1039/C6RA01094F},
  abstract = {A red emissive quinacridone derivative has been prepared through construction of an ICT system. This resulted in the first efficient and bright red OLED based on a quinacridone derivative.           ,                             Quinacridone (QA) derivatives are long-established emitting materials for use in organic light-emitting diodes (OLEDs). However, their role in OLEDs has generally been limited to green/yellow-green emitters. Herein, we report a QA-based red emissive OLED material, NPh               2               -QA, constructed through the introduction of two strongly electron-donating diphenylamino groups onto the QA core of green emissive               N               ,               N               ′-dioctyl-substituted QA. The green-to-red change is due to an alteration of the electronic transition responsible for the population of the S               1               state,               i.e.               from a QA-centered π → π* transition to an intramolecular charge-transfer transition. NPh               2               -QA can be easily synthesized and it exhibits efficient red emission, with a fluorescence quantum yield of 0.56 in toluene, as well as good thermal stability, with a decomposition temperature of 444 °C. By adopting NPh               2               -QA as a dopant emitter, for the first time, an efficient and bright QA-based red OLED has been realized.},
  langid = {english},
  groups = {Paper},
  timestamp = {2025-06-26T14:30:04Z},
  file = {PDF:/Users/lucashirschfeld/Zotero/storage/4I7FZJQ8/Wang et al. - 2016 - A diphenylamino-substituted quinacridone derivative red fluorescence based on intramolecular charge.pdf:application/pdf}
}

@article{Wang2016a,
  title = {Quinacridone-Based π-Conjugated Electronic Materials},
  author = {Wang, Chenguang and Zhang, Zuolun and Wang, Yue},
  date = {2016},
  journaltitle = {Journal of Materials Chemistry C},
  shortjournal = {J. Mater. Chem. C},
  volume = {4},
  number = {42},
  pages = {9918--9936},
  issn = {2050-7526, 2050-7534},
  doi = {10.1039/C6TC03621J},
  abstract = {The structural modification of quinacridone, a widely used industrial pigment, produced a series of fascinating organic electronic materials that were used in OLEDs, OSCs and OFETs.           ,                             Organic electronic materials are a hot topic of both academic and industrial studies because of their wide range of applications in various fields,               e.g.               displays, lighting and solar cells. In the development process of electronic materials, quinacridone (QA) and its derivatives have attracted increasing attention due to their intriguing properties, such as intense fluorescence in the dispersed state, strong absorption in the visible-light region, good carrier-transporting properties, as well as high photo, thermal and electrochemical stability. To date, the applications of QAs as electronic materials have been extensively explored in organic light-emitting diodes (OLEDs), organic solar cells (OSCs) and organic field-effect transistors (OFETs). The continuously improved performance of the QA-based electronic devices enables QAs to be used as an important material system. To summarize the achievements and drawbacks of this class of electronic materials so as to promote their further development, we review the existing knowledge on the synthesis, device performance and structure–performance relationships of QA-based electronic materials.},
  langid = {english},
  groups = {Paper},
  timestamp = {2025-06-26T15:29:57Z},
  file = {PDF:/Users/lucashirschfeld/Zotero/storage/DT48L5JZ/Wang et al. - 2016 - Quinacridone-based π-conjugated electronic materials.pdf:application/pdf}
}

@book{Weast1974,
  title = {{{CRC}} Handbook of Chemistry and Physics},
  author = {Weast, R. C.},
  date = {1974},
  edition = {55},
  publisher = {CRC Press},
  groups = {Books},
  timestamp = {2025-06-27T14:24:57Z}
}

@book{Woodruff2016,
  title = {Modern Techniques of Surface Science},
  author = {Woodruff, D Phil},
  date = {2016},
  publisher = {Cambridge university press},
  groups = {Books},
  timestamp = {2025-06-27T14:24:57Z}
}

@comment{jabref-meta: databaseType:biblatex;}
@comment{jabref-meta: grouping:
0 AllEntriesGroup:;
1 StaticGroup:Books\;0\;1\;0x8a8a8aff\;\;;
1 StaticGroup:Internet\;0\;1\;0x8a8a8aff\;\;;
1 StaticGroup:Manuals\;0\;1\;0x8a8a8aff\;\;;
1 StaticGroup:Paper\;0\;1\;0x8a8a8aff\;\;;
1 StaticGroup:Quinacridone\;0\;1\;0x8a8a8aff\;\;;
1 StaticGroup:Thesis\;0\;1\;0x8a8a8aff\;\;;
}
